3100 4809
770 1166 812 1256 Β.

625 1346 703 1467 De
740 1347 959 1469 verbis.

648 1544 799 1630 (λεκτικὸς
821 1540 934 1623 τόπος).
969 1537 973 1542 ’

293 1725 462 1789 Accedere
487 1725 529 1788 ad
553 1722 688 1786 λεκτικόν
711 1727 797 1786 τόπον
829 1724 949 1788 invitat
981 1724 1022 1788 do
1047 1723 1285 1807 compositione
1308 1743 1381 1788 ver·

205 1836 325 1898 borum
349 1833 441 1896 liber.
490 1832 556 1897 Sed
580 1832 776 1914 priusquam
800 1830 889 1895 hano
912 1834 1041 1913 partem
1066 1832 1251 1912 aggrediar,
1274 1851 1382 1914 pauca

206 1938 247 2004 de
272 1938 482 2022 bipertitione
507 1938 640 2002 addam.
677 1938 854 2020 Dionysius
879 1938 966 2002 enirn
992 1958 1125 2001 ornnem
1150 1937 1380 2021 elocutionem,

207 2047 245 2110 ut
261 2065 364 2128 supra
380 2045 523 2114 ostendi,
547 2044 656 2109 divisit
671 2045 705 2106 in
722 2040 848 2128 ἐκλογὴν
863 2040 1013 2128 όνομότων
1031 2046 1063 2108 et
1078 2044 1217 2105 σθνθεοιν
1233 2040 1382 2128 ὀνομάτων

208 2173 270 2217 uec
294 2153 421 2234 primus
446 2150 565 2219 divisit.
613 2150 965 2233 Theophrastum
991 2150 1127 2232 quidem
1157 2170 1289 2215 omnem
1315 2152 1383 2216 elo·

208 2261 375 2324 cntionem
389 2258 597 2322 distribuisse
611 2258 643 2320 in
659 2258 773 2341 partes
787 2258 855 2320 tres
870 2258 962 2320 testis
976 2260 1027 2322 est
1038 2257 1213 2340 Dionysius
1227 2259 1268 2322 de
1282 2259 1381 2322 lsocr.

206 2367 274 2433 iud.
299 2386 326 2432 c.
345 2367 382 2430 3:
407 2360 556 2426 Καθόλου
572 2363 604 2425 δὲ
624 2360 823 2447 minutium,
840 2360 969 2449 (occupor
993 2360 1267 2450 Θεόφραστος,
1292 2361 1322 2437 ἐξ
1345 2361 1385 2427 ὧν

208 2476 315 2553 γίνεται
338 2474 371 2534 τό
395 2475 471 2555 μέγα
493 2473 545 2533 καὶ
568 2473 673 2555 σεμνόν
696 2473 748 2532 ναὶ
771 2473 899 2553 περιττὸν
923 2466 952 2531 ἐν
975 2468 1060 2543 λέξει,
1089 2480 1141 2556 τῆς
1163 2480 1187 2533 τ’
1213 2467 1386 2558 ἐκλογῆς

208 2589 264 2641 τῶν
287 2576 438 2663 ὀνομάτων
470 2580 522 2640 καὶ
553 2587 606 2664 τῆς
635 2574 670 2640 ἐκ
694 2579 800 2640 τουτων
830 2574 1029 2662 ἁρμονίας
1051 2580 1106 2658 (z
1130 2579 1311 2659 συνθέσεως)
1335 2574 1387 2641 uod

208 2697 265 2748 των
288 2687 559 2771 περιλαμβανόντων
583 2680 659 2748 αὐτὰ
682 2689 905 2770 σχημάτων.
943 2686 1119 2770 Dionysius
1143 2686 1215 2768 ipse
1243 2682 1386 2771 σχήματα

211 2794 334 2876 partim
359 2793 511 2857 electioni
535 2793 656 2875 partim
681 2792 912 2875 compositioni
930 2794 1100 2875 (antiquos
1117 2794 1265 2871 secutus)
1282 2792 1387 2856 subici

210 2901 314 2964 voluit
346 2901 386 2964 de
415 2898 522 2963 Thuc.
557 2919 584 2963 c.
610 2901 670 2967 22:
706 2901 757 2961 uui
788 2895 830 2961 ὅτ.
861 2896 971 2971 τούτοις
1000 2895 1179 2985 ἀμφοτέροις
1208 2899 1386 2983 συμβέβηκε,

210 3008 288 3086 λέγω
312 3006 350 3090 δὴ
374 3008 432 3086 (an
456 3005 487 3067 δὲ
499 3008 526 3086 P)
557 3015 617 3077 τοῖς
640 3027 670 3067 τε
693 3002 801 3077 ἁπλοῖς
830 3008 881 3068 καὶ
905 3003 1026 3090 ἀτόμοις
1049 3002 1172 3089 ὀνόμασι
1194 3008 1246 3068 καὶ
1268 3015 1329 3077 τοῖς
1352 3002 1388 3068 ἐκ

212 3109 318 3176 τουτων
341 3113 494 3183 συνθέτοις
518 3115 554 3174 τὰ
577 3111 748 3197 καλουμενα
771 3116 917 3198 σχήματα
935 3166 941 3177 .
960 3160 966 3173 .
984 3162 1016 3179 ..
1041 3110 1199 3197 εἴρηται
1222 3112 1388 3184 πολλοῖς

212 3224 409 3303 πρότερον.
433 3219 544 3301 Atque
558 3218 704 3283 Cicero
721 3219 856 3301 quidem
872 3219 1021 3303 pluribus
1046 3219 1124 3283 locis
1143 3220 1388 3302 bipertitionem

213 3330 250 3391 ut
284 3326 361 3390 alibi
396 3326 541 3390 Graecos
579 3328 714 3389 secutus
751 3325 886 3390 exhibet
920 3327 961 3390 de
992 3330 1073 3390 orat.
1108 3328 1169 3404 15,
1190 3328 1246 3390 17:
1279 3327 1388 3391 oratio

215 3432 459 3497 conformanda
484 3452 551 3496 non
576 3432 681 3496 solum
715 3431 887 3512 electione,
920 3433 979 3497 sed
1011 3433 1110 3497 etiam
1143 3433 1389 3498 constructione

214 3542 404 3604 verborum.
450 3539 540 3603 Ideni
565 3539 609 3603 Ill
633 3540 779 3615 aaran:
806 3540 922 3603 Omnis
955 3539 1054 3624 igitur
1077 3540 1184 3604 oratio
1215 3539 1389 3604 conficitur

215 3667 254 3711 ex
270 3646 396 3722 verbis3
422 3665 564 3728 quorum
581 3646 724 3730 primum
740 3649 836 3712 nobis
860 3648 945 3711 ratio
963 3646 1153 3729 simpliciter
1168 3646 1313 3711 videnda
1337 3650 1389 3712 est

214 3749 337 3838 (ἐκλογὴ
362 3750 535 3838 ὀνομάτων),
561 3753 680 3819 deinde
705 3755 882 3819 coniuncte
908 3753 1057 3837 (σι’)νθεοις
1086 3750 1258 3839 ὀνομάτων).
1305 3754 1389 3818 Nam

217 3862 267 3926 est
293 3860 429 3943 quidam
447 3862 584 3925 ornatus
601 3862 773 3940 orationis,
799 3862 854 3945 qui
879 3882 919 3926 ex
935 3861 1072 3941 singuiis
1089 3861 1198 3926 verbis
1215 3865 1280 3936 cst3
1306 3861 1391 3924 alius

217 3967 273 4050 qui
305 3987 345 4030 ex
376 3967 578 4032 continuatis
611 3968 864 4052 coniunctisque
889 3969 999 4032 verbis
1024 3970 1154 4033 constat
1177 3969 1235 4049 (ΙΙΙ
1264 3969 1388 4042 43,171

216 4073 432 4143 ,continuatio
449 4075 652 4155 verborum‘,
675 4096 777 4158 quarn
801 4076 886 4140 falso
905 4071 1037 4157 περίοδον
1061 4096 1135 4140 esse
1159 4076 1229 4141 vult
1246 4074 1392 4153 Piderit).

216 4179 307 4244 Idem
344 4181 385 4244 de
421 4182 507 4264 part.
544 4201 591 4246 or.
616 4180 633 4263 ἓ
659 4184 678 4246 3
703 4184 745 4262 (v.
770 4184 831 4262 s.)':
867 4185 900 4247 et
932 4203 986 4247 res
1011 4186 1042 4248 et
1067 4184 1169 4248 verba
1193 4182 1394 4249 invenienda

218 4285 297 4349 sunt
315 4289 348 4351 et
366 4286 570 4351 collocanda.
596 4286 730 4364 Quintil.
755 4289 892 4369 1113‚9;
917 4287 1165 4354 Theodorei
1189 4291 1258 4354 tere
1275 4290 1393 4354 inuen-

219 4392 345 4456 tionem
371 4393 540 4477 duplicem
563 4414 675 4458 rerum
701 4396 802 4477 atque
827 4396 1022 4460 elocutionis
1046 4398 1102 4478 (se.
1128 4396 1381 4477 tradideram
