3100 4809
673 278 893 347 ..95-

190 469 281 523 ταυτα
304 452 345 530 ὡς
369 462 462 544 μικρά
492 461 545 522 καὶ
569 460 679 547 φαῦλα,
710 458 766 523 οὒκ
790 457 825 521 άν
849 459 893 523 ἐ’τι
915 465 1026 542 γένοιτο
1049 457 1151 535 ἱκανὸς
1174 461 1267 525 αὐτῶν
1290 476 1367 545 κρᾶ-

189 577 275 652 τήσαι
308 565 501 648 [legendum
526 570 607 650 puto
641 567 803 652 κριτής*)].
837 565 917 631 άλλά
940 573 996 651 γάρ
1020 565 1050 631 αἱ
1072 566 1241 655 ὁμοιότητες
1262 591 1366 632 συντα-

188 673 323 756 ράξουσιν
353 667 441 735 αὐτοῦ
472 675 522 758 τήν
553 677 679 760 γνώμην,
713 670 787 735 ὥστε
811 676 852 759 μή
877 674 1031 755 διαγνῶναι
1059 677 1107 738 τὸν
1127 673 1199 737 ἰ’διον
1223 673 1365 759 ἑκατέρου

188 778 443 865 papamque)

278 904 426 968 Eandem
452 925 554 987 quam
581 905 758 988 Dionysius
783 907 921 987 questus
947 909 997 971 est
1019 909 1195 971 auctorum
1214 908 1362 990 inopiam

187 1012 283 1075 nobis
303 1011 414 1076 tontes
427 1012 665 1092 indagantibus
682 1013 776 1094 queri
789 1012 874 1077 licet.
898 1014 995 1077 Initio
1013 1013 1113 1077 libelli
1131 1014 1362 1100 historicorum

187 1119 376 1183 testimonia
393 1119 581 1202 discrepare
599 1119 687 1190 dicit,
705 1120 793 1183 unde
808 1122 899 1184 ortus
913 1121 955 1183 sit
970 1122 1085 1185 Isaeus
1104 1123 1147 1204 (p.
1164 1123 1227 1186 586
1245 1121 1305 1201 th
1322 1119 1363 1193 ὡς

186 1229 237 1310 μέν
260 1246 333 1297 τινες
355 1219 514 1308 ἱστοροῦσιν
533 1225 699 1310 Ἀθηναῖος
720 1223 756 1311 tp
779 1229 811 1287 τὸ
834 1230 931 1306 γένος·
964 1223 1005 1298 ὡς
1028 1228 1060 1289 δὲ
1089 1224 1181 1311 ἕτεροι
1208 1231 1362 1314 γράφουσι,

186 1329 364 1404 Χαλκιδεύς.
411 1332 473 1410 Qui
505 1333 549 1396 illi
581 1334 647 1397 sint
679 1334 776 1398 docet
808 1334 1026 1417 Harpocratio
1059 1357 1084 1400 s,
1109 1356 1138 1399 ν.
1170 1331 1295 1407 Ἰσαῖος·
1320 1331 1362 1407 εἷς

185 1442 238 1523 μὲν
261 1435 320 1501 ἐστι
342 1449 398 1500 τῶν
422 1437 440 1499 ι’
465 1434 596 1524 ῥητόρων
618 1436 712 1522 οὗτος,
736 1441 879 1525 μαθητής
903 1441 935 1502 δὲ
956 1438 1156 1524 Ἰσοκράτους,
1181 1441 1362 1513 διδάσκαλος

185 1547 217 1608 δὲ
240 1544 463 1634 Δημοσθένους,
487 1543 655 1632 Ἀθήναιος
687 1551 718 1610 τὸ
748 1552 840 1628 γένος,
871 1549 958 1610 καθά
986 1570 1074 1635 φήσιν
1092 1545 1309 1632 Ἕρμιππος
1331 1545 1360 1610 ἐν

184 1652 211 1734 β’
237 1663 291 1715 τῶν
315 1655 379 1737 περὶ
404 1650 593 1737 Ἰσοκράτους
618 1656 778 1740 μαθητῶν·
803 1653 972 1740 Δημήτριος
994 1655 1019 1715 δ’
1046 1653 1075 1717 ἐν
1090 1665 1151 1726 τοῖς
1166 1658 1231 1738 περὶ
1247 1651 1360 1740 ὁμωνυ-

185 1781 247 1845 μων
261 1770 387 1845 ποιητῶν
398 1758 553 1822 Χαλκιδέα
564 1762 650 1846 ρήσὶν
666 1757 752 1823 αὐτὸν
763 1758 842 1825 εἶναι.
870 1762 958 1825 Satis
974 1761 1185 1826 honorificea
1207 1760 1360 1843 ltionysio

185 1868 256 1951 ipso
281 1869 393 1932 statim
419 1868 577 1932 laudatur
601 1868 812 1952 Hermippus.
853 1865 877 1929 Γ
878 1872 1002 1939 ενέσεως
1025 1867 1056 1929 δὲ
1078 1870 1130 1930 καὶ
1153 1868 1290 1952 τελευτής
1309 1876 1358 1929 του

184 1970 308 2060 ῥήτορος
337 1972 445 2059 άκριβή
475 1978 581 2058 χρόνον
604 1970 690 2036 εἰπεῖν
714 1970 769 2037 οὐκ
793 1973 876 2058 ἔχω·
909 1970 976 2037 οὐδὲ
1003 1975 1040 2059 δή
1064 1977 1128 2057 περὶ
1149 1983 1201 2037 του
1222 1972 1285 2054 βίου
1309 1981 1360 2034 τοῦ

183 2080 300 2163 ἀνδρὸς,
329 2076 390 2151 οἷός
413 2100 456 2151 τις
480 2077 533 2165 ἦν·
570 2076 637 2142 ουδὲ
660 2082 725 2164 περὶ
748 2091 800 2166 τής
823 2086 1023 2164 προαιρέσεως
1052 2092 1107 2142 τῶν
1130 2077 1356 2164 πολιτευμάτων,

182 2182 250 2248 οὐδὲ
281 2184 395 2272 ἀρχήν,
428 2183 452 2248 εἰ
474 2185 626 2270 προείλετό
656 2209 717 2251 τινα
746 2188 907 2250 πολιτείαν·
939 2184 1000 2251 ουδ’
1025 2185 1104 2260 ὅλως
1132 2190 1197 2270 περὶ
1220 2197 1275 2248 τῶν
1298 2206 1356 2247 τοι·

182 2295 273 2355 ουτων
296 2289 422 2375 οὐδενός,
448 2294 495 2356 διά
519 2295 551 2355 τὸ
575 2293 651 2379 μηδὲ
674 2290 793 2377 τοιαάτή
819 2299 1035 2380 περιτυγχάνειν
1059 2290 1179 2377 ἱστορία.
1203 2289 1270 2355 οὐδὲ
1298 2295 1355 2373 γάρ

181 2396 197 2461 ὁ
221 2402 288 2471 τοὺς
304 2397 494 2482 Ἰσοκράτους
509 2401 653 2486 μαθητάς
668 2399 843 2484 ἀναγράψας
865 2398 1081 2486 Ἕρμιππος
1096 2399 1222 2484 ἀκριβής
1245 2395 1274 2461 ἐν
1298 2406 1359 2468 τοῖς

181 2506 285 2578 ἄλλοις
300 2504 454 2590 γενόμενος
476 2502 548 2591 ὑπὲρ
572 2507 653 2570 τοῦδε
677 2517 727 2571 τοῦ
749 2506 874 2594 ῥήτορος
890 2505 972 2571 οὐδὲν
995 2506 1111 2593 εἴρηκεν
1133 2507 1188 2579 ἔξω
1207 2504 1358 2582 δυοῖν***)

179 2610 295 2686 τούτων,
320 2609 362 2675 ὅτι
386 2614 525 2697 διήκουσε
550 2617 601 2698 μὲν
624 2610 821 2697 Ἰσοκράτους,
853 2617 1052 2700 καθηγήσατο
1076 2614 1108 2676 δὲ
1131 2611 1357 2699 Δημοσθένους,

179 2723 344 2799 συνεγένετο
377 2719 409 2781 δὲ
440 2728 500 2791 τοῖς
530 2718 658 2803 ἀρίστοις
687 2731 742 2782 τῶν
766 2721 945 2808 ριλσσόρων,
992 2722 1039 2785 Ex
1063 2723 1114 2785 his
1132 2721 1228 2785 facile
1253 2719 1356 2784 etiam

180 2827 349 2891 fluxerunt
373 2847 460 2908 quae
478 2827 654 2910 Dionysius
679 2829 719 2891 de
736 2829 821 2892 isaei
844 2832 955 2894 aetate
974 2826 1105 2913 (ήκμασε
1120 2827 1195 2906 κτλ.)
1219 2824 1359 2896 rettulit,

134 3016 136 3020 ι
180 2951 255 2996 cunr
280 2932 434 2997 facillime
459 2954 499 2997 ex
522 2932 693 3016 Hermippi
719 2935 827 2997 verbis
853 2937 1045 2999 coniectura
1069 2934 1206 3014 assequi
1229 2933 1359 3015 pessel.

178 3037 460 3122 HernrippuS‚
483 3040 681 3104 Callimachi·
699 3040 888 3123 discipulus,
923 3041 1035 3104 floruit
1058 3042 1120 3103 sub
1150 3040 1279 3102 initium
1305 3057 1363 3099 se-

178 3146 276 3208 cundi
302 3167 331 3211 a,
358 3145 434 3208 Chr.
467 3146 592 3210 saeculi
624 3149 666 3226 (ν.
701 3146 788 3210 Miill.
823 3150 860 3211 l‘r.
891 3148 923 3212 h.
949 3167 996 3226 gr.
1021 3148 1063 3209 lll
1095 3168 1126 3228 p.
1161 3146 1226 3223 35).
1276 3144 1361 3206 Eius

177 3252 381 3316 mentionem
412 3253 492 3316 facit
515 3252 738 3335 Hieronymus
769 3253 810 3316 de
836 3254 947 3336 script.
982 3254 1099 3316 eccles.
1134 3255 1169 3316 l:
1202 3249 1362 3313 Hortaris

177 3357 307 3435 Dexter,
334 3361 370 3421 ut
393 3359 627 3439 Tranquillum
658 3378 804 3440 sequens
836 3359 1080 3423 ecclesiasticos
1111 3358 1291 3439 scriptores
1324 3354 1363 3416 in

176 3464 327 3527 ordinem
352 3464 509 3544 digeram.
536 3516 542 3528 .
569 3516 575 3529 .
603 3515 609 3528 .
635 3464 802 3529 Fecerunt
833 3466 967 3545 quidem
999 3465 1061 3526 hoo
1095 3463 1182 3545 apud
1208 3462 1364 3525 Graecos

175 3568 429 3653 Hermippus
472 3570 724 3653 Peripateticus,
758 3571 965 3650 Antigonus,
997 3569 1178 3652 Carystiae,
1211 3569 1364 3649 Satyrus

175 3674 292 3738 doctus
317 3675 374 3746 vir,
399 3678 431 3738 el
455 3675 552 3756 longe
577 3676 724 3738 omnium
756 3675 970 3738 doctissimus
1002 3672 1220 3737 Aristoxenus
1255 3673 1369 3735 musi·

174 3799 244 3856 cus,
269 3780 359 3862 apud
383 3781 520 3844 Latinos
547 3782 650 3844 Varro
667 3783 801 3855 Santra,
820 3781 943 3863 Nepos
962 3780 1111 3862 Hyginus
1130 3780 1171 3855 et,
1198 3778 1241 3841 ad
1260 3779 1368 3841 ouius

173 3903 235 3946 nos
260 3886 447 3966 exemplum
470 3906 647 3968 provocas,
672 3886 917 3966 Tranquillus}

261 4077 286 4140 *l
304 4094 328 4129 ν.
350 4077 383 4130 de
402 4079 540 4134 vocabulis
558 4077 644 4149 νρὶοις,
670 4079 757 4150 κρίνειν
775 4095 862 4147 supra
880 4095 907 4146 p.
923 4078 957 4131 79
976 4082 1002 4131 et
1021 4078 1090 4130 iutra
1108 4075 1169 4145 ,οὐδ’
1189 4075 1275 4128 ἱκανὸν
1303 4074 1374 4128 ὄντα

172 4160 277 4230 κρίνειν*

260 4284 301 4351 **)
320 4285 395 4339 Blals
415 4286 469 4343 Aa.
488 4290 598 4345 Bereds.
618 4292 641 4344 ll
660 4309 686 4360 p.
705 4290 759 4344 464
777 4307 840 4359 sqq.

261 4407 319 4473 ***)
337 4408 370 4461 de
388 4411 477 4476 patria
495 4413 564 4466 lsaei
583 4430 692 4482 quoque
711 4432 775 4469 eum
794 4413 945 4467 tradidisse
965 4413 1044 4465 modo
1064 4411 1222 4465 memoravi.
