3100 4809
704 190 922 256 ,61-

221 367 273 445 od<
304 366 465 451 ἀναγκαῖον
497 366 759 458 ἀπολογήσασθαι,
791 371 833 454 μὴ
865 369 996 454 δόξωμεν
1027 369 1138 457 ἔρημον
1168 369 1319 459 ἀφεικέναι
1349 374 1398 434 τὸν

222 476 331 559 άγωνα,
379 475 475 561 ἐροῦσι
507 478 539 539 δὲ
569 487 677 540 ταυτα·
715 474 761 554 ,Ὁ
793 474 994 563 Δημοσθένης
1022 475 1071 542 οὖν
1103 475 1195 551 οότως
1226 478 1334 551 ἄθλιος
1365 476 1400 564 ἦν

222 582 298 648 ὥσθ’
336 581 414 666 ότε*)
447 583 554 670 γράφοι
585 587 653 658 τοὺς
686 581 803 663 λόγους,
841 580 934 668 με’τρα
965 580 1017 647 καί
1054 581 1203 669 ῥυθμοός,
1238 583 1335 669 ὥσπερ
1373 581 1401 648 οἱ

223 691 360 773 πλάσται,
385 696 620 778 παρατιθέμενος
643 690 824 776 ἐναρμόττειν
840 687 975 775 ἐπειρᾶτο
991 694 1177 765 τουτοιςτοῖς
1193 689 1291 764 τόποις
1305 691 1400 761 κῶλα,

223 806 356 888 στρέφων
380 799 440 863 ἄνω
464 796 516 862 καί
539 804 620 861 κάτω
645 803 680 862 τά
704 796 836 884 όνόματα
858 800 911 860 καὶ
933 800 1167 885 παραφυλάττων
1191 803 1226 861 τά
1250 804 1332 884 μηκη
1349 802 1400 861 καὶ

224 911 290 979 τοὺς
313 903 439 993 χρόνους
461 910 513 969 καὶ
537 911 590 979 τάς
612 910 733 977 πτώσεις
762 917 818 968 των
851 903 1000 991 ὀνομάτων
1029 909 1156 977 καὶτὰς
1180 903 1323 986 ἐγκλίσεις
1345 916 1401 967 των

223 1012 362 1100 βημάτων
394 1016 445 1076 καί
474 1011 569 1076 πάντα
602 1011 637 1075 τά
669 1010 878 1098 συμβεβηκότα
909 1022 969 1085 τοῖς
991 1015 1102 1097 μορίας
1125 1022 1175 1074 του
1197 1012 1287 1092 λόγου
1310 1013 1402 1074 πολυ-

225 1132 383 1207 πραγμωνγ
408 1117 528 1207 ἠλίθιος
551 1124 627 1205 μέντ’
653 1118 688 1182 ἂν
712 1117 756 1205 ε’ίη
780 1115 822 1192 είς
845 1122 988 1206 τοσαότην
1011 1118 1174 1202 σκευωρίαν
1189 1122 1240 1181 καὶ
1257 1116 1401 1206 φλυαρίαν

226 1225 242 1291 ό
266 1228 437 1314 τηλικοῦτος
462 1227 536 1312 ἀνὴρ
559 1224 663 1290 ἑαυτὸν
687 1223 805 1298 διδοόςέ

305 1337 489 1420 Dionysius
511 1337 557 1400 sic
581 1339 691 1400 castre
715 1336 879 1401 defendit:
904 1331 1014 1402 ,Ταῦτα
1038 1335 1070 1396 δὲ
1093 1336 1144 1396 καὶ
1167 1336 1279 1406 τοότοις
1301 1354 1401 1417 παρα-

223 1444 333 1530 πλησια
363 1424 579 1529 κωμῳδοῦντας
609 1439 716 1514 αὐτοὺς
747 1444 799 1504 καί
828 1439 1106 1527 καταχλευάζοντας
1138 1437 1172 1504 ου
1200 1442 1343 1526 χαλεπῶς
1365 1440 1400 1503 ἄν

224 1573 265 1621 τις
294 1548 510 1634 άπακροόσαιτο
541 1559 632 1613 ταυτα
661 1547 764 1613 εἰπόν·
797 1551 852 1633 (ud
885 1551 1024 1614 verbum
1055 1571 1163 1634 paene
1194 1550 1334 1632 repetita
1365 1552 1398 1614 in

225 1659 371 1722 tractatu
395 1659 436 1721 de
466 1659 558 1725 Dem.
585 1678 610 1723 c.
638 1659 711 1737 51):
746 1655 868 1740 Πρῶτον
903 1661 966 1739 μέν,
1002 1654 1044 1719 ότι
1067 1654 1149 1719 οὐδὲν
1173 1655 1279 1718 ἄτοπον
1306 1654 1352 1740 ἡν,
1377 1642 1430 1719 είΙ

225 1761 334 1845 <ὁ>**)
358 1761 502 1850 τοσαότης
525 1763 613 1849 δόξης
642 1761 802 1850 ἠξιωμένος
825 1763 915 1847 ἀνήρ,
950 1761 1023 1849 όσης
1054 1760 1149 1835 οὐδεὶς
1179 1773 1233 1825 των
1261 1760 1400 1847 πρότερον

225 1867 448 1954 ὀνομασθέντων
479 1868 525 1933 ἐπὶ
555 1871 692 1956 δεινότητι
722 1869 827 1953 λόγων,
859 1870 933 1953 ἔργα
963 1876 1188 1955 συνταττόμενος
1218 1867 1320 1933 αίωνια
1347 1872 1400 1932 καὶ

224 1975 322 2048 διδους
354 1972 441 2039 αυτὸν
473 1973 634 2039 όπεόθυνον
668 1987 707 2058 τῷ
737 1982 832 2040 πάντα
863 1979 1039 2057 βασανίζοντι
1070 1981 1174 2064 φθόνῳ
1206 1980 1258 2040 καὶ
1290 1974 1398 2062 χρόνῳ,

226 2081 316 2166 μηδὲν
348 2079 414 2167 εἰκη
447 2089 520 2169 μήτε
556 2094 680 2167 πρᾶγμα
713 2086 940 2168 παραλαμβάνει
977 2083 1049 2171 μήτε
1088 2084 1198 2170 ’σ’νομα·
1237 2085 1349 2169 πολλὴν
1372 2084 1397 2146 δ’

225 2185 334 2275 ἀμφοῖν
356 2189 419 2275 ἔχει
441 2187 549 2255 τυότων
571 2187 708 2273 πρόνοιαν
730 2202 784 2277 τῆς
806 2213 836 2253 τε
859 2188 888 2253 ἐν
912 2202 971 2263 τοῖς
995 2198 1135 2278 νοημασιν
1158 2188 1327 2277 οἰκονομίας
1349 2193 1401 2253 καὶ

225 2306 279 2383 της
300 2292 462 2382 εόμορφίας
484 2309 536 2385 της
550 2294 616 2382 περὶ
631 2303 667 2361 τά
683 2296 830 2384 ὀνόματα·
853 2298 953 2371 ἄλλως
968 2322 999 2362 τε
1014 2302 1066 2362 καί
1081 2309 1136 2361 των
1151 2303 1215 2362 τότε
1231 2298 1397 2380 ἀνθρώπων

225 2399 259 2465 od
289 2414 437 2487 γραπτοῖς,
470 2403 550 2477 ἀλλὰ
573 2407 712 2486 γλυπτοῖς
744 2408 797 2468 καὶ
828 2417 974 2490 τορευτοῖς
1006 2404 1140 2479 ἐοικότας
1174 2408 1227 2489 (cf.
1257 2406 1400 2470 Brzoska

225 2511 266 2575 de
291 2532 419 2577 canone
443 2512 473 2576 X
497 2535 543 2578 or.
569 2515 732 2597 epimetr.)
755 2511 936 2600 ἐκφερόντων
959 2512 1075 2594 λόγους,
1108 2514 1186 2594 λέγω
1210 2514 1242 2575 δὲ
1264 2510 1400 2595 Ἰσοκρά-

225 2616 292 2689 τους
330 2623 382 2684 καὶ
414 2618 576 2693 Πλάτωνος
609 2633 664 2684 των
697 2633 841 2708 σοφιστῶν
876 2623 1001 2704 (malim
1030 2632 1139 2708 σοφων,
1172 2622 1213 2689 ef.
1239 2622 1280 2685 de
1305 2622 1398 2687 Dem.

226 2744 252 2790 c.
279 2725 391 2811 51***)
416 2723 473 2801 ,ἐπὶ
496 2725 585 2813 σοφία
608 2730 893 2813 θαυμαζομένους).
934 2729 1058 2794 Similia
1074 2729 1267 2812 Dionysium
1284 2728 1397 2811 dispu-

226 2832 315 2897 tasse
340 2836 497 2917 putamus
514 2836 555 2898 in
581 2836 663 2900 libro
687 2831 759 2919 όπὲρ
785 2846 838 2922 της
858 2835 1013 2922 πολιτικης
1035 2835 1211 2922 φιλοσοφίας
1239 2841 1294 2914 (=
1319 2831 1399 2919 ῥητο-

224 2946 320 3026 ρικῆς)
337 2943 413 3024 πρὸς
427 2943 494 3013 τους
509 2946 745 3028 κατατρέχοντας
761 2939 853 3029 αδτῑγς
869 2940 981 3014 ἀδίκως
997 2945 1050 3025 (de
1067 2942 1218 3026 Thucyd.
1235 2942 1293 3005 iud
1310 2962 1336 3005 ο.
1352 2927 1397 3021 2),

226 3070 292 3132 quo
323 3050 405 3114 libro
444 3052 552 3116 acrius
592 3073 694 3134 quam
732 3053 862 3117 solebat
900 3054 963 3132 (de
996 3052 1101 3119 Thuc.
1136 3052 1201 3131 ib.)
1238 3049 1401 3134 pugnavit

316 3175 343 3241 *)
363 3176 396 3229 de
414 3192 502 3245 comp.
521 3194 548 3245 p.
559 3175 613 3229 402
632 3174 800 3246 ότανγφάφυι,
819 3178 867 3230 sed
880 3178 913 3230 de
926 3177 1067 3235 Demosth.
1087 3194 1109 3228 c.
1123 3175 1221 3244 alubi
1236 3178 1395 3244 repetuntur

226 3264 318 3328 verba,
344 3263 384 3317 ότε
402 3265 503 3335 γράφοι
521 3266 617 3331 (Sadee
635 3283 661 3334 p.
676 3264 736 3329 104,
754 3266 842 3336 γράφει
857 3264 975 3333 Reiske),
995 3266 1068 3334 quod
1087 3265 1131 3317 liic
1150 3281 1259 3333 quoque
1277 3261 1395 3332 reposui.

316 3353 359 3419 **)
377 3354 391 3405 ό
410 3354 514 3408 addidit
534 3355 619 3408 Sadee
638 3371 665 3422 p.
686 3353 747 3407 174.
1358 3405 1361 3408 ,
1391 3422 1393 3425 .

316 3441 373 3511 ***)
392 3444 460 3497 Sunt
478 3444 583 3512 aliquot
596 3444 655 3509 loci,
675 3443 773 3512 quibus
788 3444 934 3513 Dionysius
946 3462 996 3499 sua
1012 3447 1094 3499 verlra
1112 3462 1199 3514 eaque
1218 3445 1328 3499 maioris
1342 3461 1398 3499 am·

226 3533 299 3587 bitus
318 3534 488 3603 transcripsit
508 3540 553 3588 aut
574 3533 652 3587 anxie
671 3534 820 3603 excerpsit:

333 3626 367 3679 de
386 3640 474 3692 comp,
493 3641 519 3692 p.
539 3622 591 3677 286
611 3624 673 3676 Sclr.
694 3639 810 3691 sqq:
830 3624 863 3676 de
884 3625 957 3677 [tem.
977 3641 999 3677 c.
1019 3624 1053 3677 36
1073 3641 1133 3693 sqq.

334 3715 367 3768 de
386 3730 474 3782 comp.
494 3731 520 3783 p.
540 3711 646 3767 384:
665 3713 698 3766 de
719 3714 794 3766 Deru.
814 3730 836 3765 c.
856 3713 891 3766 50

334 3806 367 3862 de
386 3822 473 3874 comp.
492 3823 518 3874 p.
537 3801 620 3874 46214
641 3826 672 3848 =
693 3804 726 3856 de
745 3799 822 3857 Dem.
842 3820 864 3855 c.
884 3804 917 3856 51

333 3895 367 3948 de
385 3895 471 3948 Thuc.
491 3912 512 3948 c.
533 3893 567 3947 24
584 3896 620 3963 (p.
639 3894 691 3947 866
710 3891 745 3959 R)
763 3910 799 3939 :
817 3893 852 3945 ad
872 3892 960 3944 Amm.
981 3893 1003 3944 ll
1024 3910 1045 3945 c.
1065 3891 1135 3960 2·(p.
1156 3892 1207 3946 790
1225 3890 1269 3959 R).

316 3982 450 4052 Equidem
469 3984 521 4037 hac
540 3985 573 4037 de
592 4000 621 4036 re
640 3984 677 4036 ita
703 3981 806 4035 iudico:
827 3981 882 4034 Aut
900 3980 1048 4049 Dionysius
1068 3998 1108 4046 ea,
1128 3998 1197 4050 quae
1210 3986 1290 4035 antea
1308 3979 1398 4035 elabo-

228 4079 344 4138 raverat,
364 4076 402 4127 ita
421 4074 540 4142 perfecta
558 4078 585 4126 et
604 4077 701 4126 ornata
720 4072 843 4140 putabat,
862 4076 892 4125 ut
911 4071 1048 4125 immutari
1068 4088 1122 4124 non
1136 4088 1217 4140 posse
1229 4070 1281 4123 nisi
1299 4086 1399 4138 magno

227 4163 385 4217 elocutionis
399 4163 561 4216 detrimento
581 4162 739 4231 opinaretur
758 4167 805 4214 eut
826 4178 858 4213 ex
876 4177 971 4213 eorum
981 4178 1049 4229 quos
1069 4168 1177 4214 secutus
1187 4164 1229 4213 est
1239 4159 1400 4212 auctoritate

227 4251 267 4305 ita
285 4253 435 4322 perpendit,
454 4258 485 4306 nt
503 4251 613 4305 liberius
633 4251 739 4304 evolare
758 4265 813 4302 non
833 4251 944 4302 auderet
951 4269 957 4313 ;
977 4250 1043 4303 illud
1062 4250 1129 4303 milri
1148 4249 1233 4318 magis
1258 4236 1399 4318 probatur,

226 4343 300 4411 quod
320 4360 366 4397 eas
385 4341 517 4411 imprimis
538 4346 628 4410 partes
647 4339 753 4408 repetit,
773 4354 841 4406 quas
866 4338 956 4407 ipsum
976 4339 1128 4393 condidisse
1155 4339 1211 4391 veri
1236 4338 1324 4392 simile
1349 4343 1398 4394 est.
