3100 4809
686 181 904 243 ..63-

203 353 297 440 μικαί,
329 356 371 437 (ν.
406 356 447 421 de
480 376 625 440 compos,
650 377 682 439 p.
709 358 751 421 24
775 357 865 434 Sch.‚
890 362 956 424 vel.
982 380 1069 428 cens.
1096 384 1126 445 p.
1143 363 1207 428 426
1224 360 1264 437 R,
1288 385 1319 446 p.
1339 363 1376 429 ll

204 465 331 543 Usen),
356 462 457 547 ἀρεταί
479 472 530 527 τοῶ
553 467 706 548 προοιμίου
739 462 794 546 (de
819 467 892 550 Lys,
920 488 945 532 e.
965 470 1007 533 ‘24
1031 490 1061 551 p.
1080 472 1144 534 500
1164 469 1213 549 R).
1246 470 1317 534 Hae
1348 472 1381 534 in

205 573 343 655 singulis
367 572 518 655 paulibus
543 573 639 635 erant
665 572 860 637 tractandae
892 577 992 657 alque
1017 577 1179 639 lraclnlae
1209 579 1267 640 aul
1290 580 1381 641 cerie

205 681 371 745 indiculae
408 680 496 750 sunl,
532 679 644 761 quoad
680 681 852 743 commode
877 681 948 744 fieri
985 682 1100 763 poluit.
1148 683 1215 746 Sed
1239 685 1291 747 esl
1316 684 1382 748 ulia

206 787 321 851 divisio
353 807 420 850 non
453 806 493 850 ex
517 785 689 849 rhetoricis
713 786 864 868 paulibus
889 788 980 858 nula,
1014 788 1071 850 scd
1099 789 1197 852 lolius
1222 789 1382 853 orationis

206 893 352 957 indolem
376 895 544 977 spectans
570 893 729 957 vidulum
765 892 1116 957 necessariarum
1153 898 1186 958 el
1218 895 1382 959 adsum·

207 1001 377 1082 piarum
402 999 688 1075 (accessuriururn
713 996 815 1081 ἀρεταί
837 996 996 1079 ἀναγκαῖαι
1025 1003 1058 1064 el
1082 996 1243 1083 ἑπίθετοι);
1258 999 1381 1082 'itaque

208 1106 318 1188 aptius
349 1105 429 1169 milii
462 1104 567 1168 visum
599 1108 649 1169 esi
673 1105 820 1188 Dionysii
850 1106 1093 1170 de-virlulihus
1117 1108 1275 1171 orationis
1301 1110 1380 1172 doce

207 1213 328 1277 trinum
351 1212 511 1295 peculiari
535 1212 819 1295 dispululiuncula
844 1213 1036 1297 explanare.

295 1342 342 1405 lle
359 1338 511 1421 Thucyd.
529 1336 596 1403 iud.
615 1357 641 1402 c.
661 1339 712 1416 22,
737 1358 837 1420 quem
858 1339 966 1401 locuni
991 1338 1055 1402 inin
1073 1338 1208 1421 saepius
1232 1339 1383 1404 laudavi·

210 1469 292 1525 mus,
318 1447 420 1511 relerl
444 1448 546 1511 haec:
585 1441 666 1506 Τῶν
697 1443 956 1529 καλουμένων
992 1442 1138 1527 ἀρετῶν
1169 1440 1199 1506 αἱ
1229 1449 1282 1529 μέν
1315 1441 1383 1509 εἰσιν

208 1552 427 1634 ἀναγκαῖαι
455 1547 507 1615 καὶ
537 1549 567 1614 ἐν
597 1549 703 1614 ἅπασιν
733 1547 882 1638 ὀφείλουσι
912 1561 1046 1634 παρεῖναι
1077 1561 1138 1623 τοῖς
1160 1549 1270 1630 λόγοις,
1302 1548 1381 1616 alu

207 1658 405 1723 ἐπίθετοι·
435 1662 487 1722 καί
518 1656 587 1722 ὅταν
618 1653 776 1745 θμεστῶσιν
801 1654 831 1719 αἱ
854 1668 973 1741 πρῶται,
1004 1654 1067 1720 τότε
1091 1661 1142 1743 τὴν
1166 1655 1275 1721 ἑαυτῶν
1296 1655 1384 1744 ἰσχδν

206 1770 415 1853 λαμβάνουσιν,
440 1764 595 1852 εἴρηται
624 1765 792 1835 πολλοῖς
822 1762 1018 1847 πρότερον.
1068 1765 1184 1828 Fusius
1216 1766 1257 1830 de
1281 1768 1384 1832 viriu-

208 1876 296 1940 libus
320 1876 470 1958 disputat
493 1873 534 1937 de
558 1873 707 1955 Thucyd.
731 1872 797 1938 iud.
823 1892 850 1939 c.
877 1874 918 1937 23
942 1875 986 1955 (p.
1005 1875 1069 1936 865
1087 1872 1146 1952 R):
1171 1869 1234 1942 Τάς
1258 1876 1309 1957 μέν
1333 1870 1383 1937 οὖν

208 1978 433 2061 ἀναγκαίας
464 1978 608 2063 ἀρετὰς
636 1975 655 2063 ἡ
686 1977 764 2050 λέξις
795 1974 890 2041 αὐτῶν
913 1978 991 2061 [qui
1016 1982 1095 2043 anie
1119 1979 1326 2045 Herodotum
1351 1983 1385 2046 et

208 2088 437 2171 Thucydidem
468 2088 605 2152 fuerunt
634 2085 796 2168 historici]
829 2088 941 2146 πάντων
975 2086 1049 2167 (leg.
1084 2088 1195 2166 πάσας)
1219 2084 1299 2171 ἔχει·
1330 2090 1386 2150 καὶ

207 2198 264 2278 γάρ
287 2196 451 2270 καθαρά
474 2188 526 2257 καί
548 2194 683 2279 σαφὴς
705 2194 758 2254 καὶ
781 2188 970 2276 σύντομός
993 2189 1076 2275 ἐστιν,
1101 2190 1300 2277 ἀποχρώντως
1323 2199 1383 2258 σῶ-

207 2304 298 2373 ζουσα
314 2304 362 2364 τὸν
375 2299 446 2363 ἰδιον
462 2298 590 2386 ἑκάστης
606 2299 762 2363 διαλέκτου
780 2309 975 2386 χαρακτηρα·
999 2303 1052 2371 τάς
1068 2299 1093 2360 δ’
1119 2297 1328 2380 ἐπιθέτους,
1353 2298 1383 2373 ἐξ
1420 2312 1422 2316 ’

206 2406 246 2472 ὧν
281 2411 407 2495 μάλιστα
441 2406 580 2494 διάδηλος
604 2405 623 2494 η
648 2418 697 2472 του
727 2405 852 2493 ρητορος
882 2404 988 2488 γίνεται
1011 2407 1141 2492 δυναμις,
1175 2405 1240 2471 οὔτε
1263 2406 1384 2483 ἁπάσας

207 2515 272 2580 οὔτε
301 2513 343 2590 εἰς
372 2515 465 2600 ἀκρον
495 2512 644 2602 ἡκούσας,
678 2514 745 2579 ἀλλ’
770 2512 875 2595 ὀλίγας
897 2518 948 2577 καὶ
971 2515 1018 2577 ἐπὶ
1041 2517 1156 2601 βραχί-
1190 2512 1282 2600 ἀψος
1305 2518 1383 2597 λέγω

206 2628 258 2688 καὶ
280 2620 663 2709 καλλιρρημοσύνην
686 2626 738 2686 καὶ
762 2624 1028 2709 σεμνολογίαν
1051 2625 1103 2685 καί
1134 2625 1382 2708 μεγαλοπρέ-

206 2751 336 2796 πειαν·
361 2728 428 2795 ουδὲ
452 2731 489 2817 δη
513 2727 623 2794 τόνον
646 2727 714 2793 οάδέ
737 2732 860 2813 βάρος
882 2726 950 2793 οάδὲ
979 2731 1113 2802 πάθος
1136 2730 1310 2814 διεγείροντα
1334 2736 1381 2795 τὸν

206 2849 285 2903 νοῶν·
309 2835 377 2902 οὐδὲ
399 2842 433 2901 τὸ
457 2835 673 2923 ἐρρωμένον
696 2842 749 2900 καί
779 2837 987 2919 ἐναγώνιον
1010 2846 1131 2923 πνεῦμα,
1164 2836 1194 2909 ἐξ
1218 2836 1257 2900 ὧν
1280 2836 1300 2924 ἡ
1323 2858 1382 2900 κα-

205 2948 334 3032 λουμένη
358 2949 463 3027 γίνεται
486 2944 678 3031 δεινότης,
702 2947 779 3031 πλὴν
802 2942 868 3018 ἑνὸς
889 2943 1059 3029 Ἡροδότου,

296 3073 443 3137 Dilucide
468 3073 641 3136 dislinclas
667 3072 816 3136 videmus
842 3072 980 3135 virlules
1005 3071 1099 3153 episi.
1127 3071 1169 3135 ad
1186 3070 1246 3135 Cn.
1262 3070 1381 3155 Pomp.

207 3201 234 3244 c.
260 3184 280 3245 3
304 3183 347 3264 (p.
367 3182 430 3246 775
454 3181 485 3244 R
510 3181 589 3263 sq.):
614 3175 753 3263 Πρῶτη
777 3187 833 3238 τῶν
856 3175 1003 3260 ἀρετῶν
1033 3180 1134 3255 γένοιτ’
1159 3175 1204 3258 ἀν,
1229 3175 1266 3263 ης
1289 3179 1383 3262 χωρὶς

207 3284 289 3350 οὐδὲν
320 3298 375 3349 τῶν
405 3286 504 3350 ἄλλων
533 3296 588 3348 τῶν
618 3287 683 3368 περὶ
710 3284 818 3365 λόγους
841 3282 958 3371 δ”ρελος
1006 3281 1065 3361 τίς;
1090 3282 1109 3370 ἡ
1133 3286 1298 3367 καθαρὰ
1322 3294 1382 3355 τοῖς

207 3391 330 3480 ὀνόμασι
352 3396 404 3456 καὶ
428 3397 492 3456 τὸν
519 3388 747 3478 Ἑλληνικὸν
771 3402 1007 3478 χαρακτηρα
1037 3394 1219 3462 σώζουσα
1249 3391 1381 3453 διάλε-

205 3522 304 3572 κτος.
351 3503 456 3586 ταῶτην
480 3498 648 3583 ἀκριβοῦσιν
671 3496 832 3587 ἀμφότεροι
855 3499 1082 3583 (Thucydides
1108 3501 1140 3563 ei
1163 3498 1377 3577 Herodotus).

206 3603 366 3692 Ἡρόδοτός
400 3630 429 3669 τε
462 3611 519 3690 γάρ
554 3618 606 3693 της
639 3604 735 3679 Ἰάδος
767 3605 884 3689 ἀριστος
915 3611 1021 3685 κανῶν,
1058 3603 1243 3692 Θουκυδίδης
1274 3605 1306 3667 δὲ
1330 3615 1382 3691 της

206 3709 354 3786 Ἀτθίδος.
400 3715 612 3779 Lacunosurn
636 3715 693 3796 qui
717 3715 870 3797 sequitui·
894 3716 1002 3779 locuni
1033 3717 1108 3797 μυσί
1140 3714 1288 3778 infelices
1313 3713 1382 3796 Syl·

207 3822 313 3904 burgii
345 3823 494 3886 lentulus
518 3842 559 3886 ex
583 3822 741 3886 Veterum
765 3842 909 3886 censura
931 3844 963 3905 p.
981 3824 1046 3886 434
1069 3822 1099 3885 R
1124 3842 1190 3904 sq.‚
1216 3821 1271 3885 ubi
1297 3820 1380 3884 llaec

207 3949 248 3994 ex
271 3929 418 3993 secundo
441 3930 506 4011 περὶ
521 3933 673 4014 μιμήσεως
688 3929 771 3993 libro
789 3933 944 4011 excerpla
960 3930 1133 4009 leguntur:
1159 3936 1194 4011 τη
1211 3930 1263 4011 μέν
1279 3924 1382 4009 ἀκρι-

206 4030 293 4118 βείομ
316 4045 371 4097 τῶν
394 4032 542 4121 ὀνομάτων
565 4033 634 4122 lidi)
659 4031 792 4118 ἑκάτεροι
814 4037 993 4119 προῄρηνται
1020 4034 1175 4096 διαλέκτου
1199 4031 1382 4104 ἀποσῶζουσι

205 4145 238 4203 τὸ
258 4139 329 4203 ἴδιον
353 4143 471 4226 (prima
496 4143 642 4225 virius!)‚
674 4151 742 4227 τῆς
770 4141 809 4203 δὲ
832 4143 1049 4227 σαφηνείας
1071 4138 1382 4227 ἀναμφισβητως

207 4277 375 4285 m--m
384 4280 420 4285 -..-

297 4340 321 4407 *)
339 4357 372 4395 cx
391 4338 519 4408 Kruegeii
538 4338 704 4393 conieclura.
