3100 4809
632 227 849 291 -24..

153 405 264 468 aulem
279 404 332 468 sit
354 408 433 487 apia
457 403 578 481 dicere,
604 405 743 487 experiri
760 405 845 480 licet,
870 405 897 468 si
921 407 979 470 aul
995 406 1167 489 compositi
1183 408 1324 472 oratoris

156 512 241 575 bene
258 513 420 576 structam
438 512 689 576 collocationem
707 512 870 577 dissolvas
886 514 1131 597 permutatione
1147 516 1325 579 verborum

158 656 192 666 „
221 621 453 702 corrumpatur
477 619 563 683 enim
590 621 658 684 tola
683 640 746 693 res,
765 674 771 687 .
790 671 822 684 ..
847 621 1047 703 (sequuntur
1071 622 1133 685 tria
1149 622 1325 705 exempla).

155 780 161 793 .
185 778 191 790 .
210 776 217 790 .
242 726 391 805 videsne,
414 728 451 790 nt
467 726 582 790 ordine
599 727 777 790 verborum
795 728 943 810 paullum
962 730 1176 794 commutem.
1201 729 1326 793 eisdem

153 834 273 907 verbis,
305 835 417 897 stante
448 834 627 904 sententia,
659 835 700 897 ad
735 834 874 897 nihilum
899 835 1011 898 omnia
1033 834 1191 914 recidant,
1222 856 1326 918 quum
1375 889 1377 892 .

132 941 223 1004 ‘sint
259 960 297 1004 ex
333 940 419 1023 aptis
455 940 638 1004 dissoluta?
679 943 738 1005 aul
772 941 797 1003 si
834 941 973 1005 alieuius
997 942 1155 1005 inconditi
1180 930 1325 1025 adripias

154 1048 349 1129 discipulam
385 1046 530 1141 aliquam
571 1048 773 1112 senientiam
813 1069 955 1130 eamque
994 1049 1109 1113 ordine
1147 1050 1326 1113 verborum

155 1153 303 1237 paullum
340 1155 544 1217 commutato
580 1155 613 1217 in
649 1155 814 1237 quadrum
846 1155 987 1235 redigas,
1024 1156 1188 1220 efficiatur
1211 1158 1326 1239 aptum

154 1261 242 1338 illud,
276 1261 365 1343 quod
396 1246 496 1324 fuerit
527 1263 628 1325 antea
660 1262 816 1326 diffluens
842 1284 880 1325 ac
904 1262 1059 1327 solutum.
1100 1263 1233 1354 'Eadem
1259 1263 1327 1327 lere

155 1386 200 1433 or.
227 1387 254 1433 c.
279 1367 434 1449 24581.
481 1367 529 1431 Cf.
554 1369 697 1433 Domelr.
721 1389 749 1430 π.
773 1365 948 1452 ἑρμ.ξ36
975 1373 1008 1434 et
1032 1373 1083 1434 31.
1135 1370 1240 1434 Erant
1267 1370 1326 1450 igi·
1374 1365 1379 1382 “

155 1475 209 1538 tur
233 1474 273 1537 de
298 1474 362 1537 hac
387 1494 580 1557 quoquere
605 1477 683 1539 ante
708 1476 901 1559 Dionysium
927 1481 1107 1561 praecepio
1130 1480 1163 1541 et
1186 1476 1326 1540 inludis

111 1611 117 1624 ·
156 1579 326 1644 rhetorum
350 1602 471 1664 pueros
496 1601 583 1665 quae
608 1603 726 1665 parum
752 1585 829 1666 apte
854 1584 1036 1667 composita
1053 1585 1245 1648 riderentur
1261 1603 1327 1646 me-

156 1685 217 1749 lius
242 1690 371 1752 struere
396 1688 503 1752 iussos
529 1710 602 1753 esse
626 1690 693 1752 veri
720 1689 824 1753 simile
850 1692 910 1766 est,
935 1693 972 1753 ut
995 1691 1110 1754 Cicero
1134 1693 1193 1771 (or.
1220 1689 1327 1771 §233)

157 1792 296 1857 Gracchi
322 1796 443 1860 verba:
475 1797 645 1875 ,Abesse
676 1816 756 1860 non
795 1800 959 1880 potest,
996 1799 1099 1880 quin
1135 1797 1327 1883 ciusdem

156 1899 346 1965 hominis
386 1904 444 1967 sit
482 1906 636 1986 probos
676 1905 943 1986 improbare,
991 1906 1061 1987 qui
1108 1904 1327 1986 improbos

157 2008 333 2089 probel‘.
367 2010 471 2073 multo
510 2011 621 2094 aptius
656 2012 703 2075 ita
738 2012 799 2074 sibi
823 2012 954 2075 videtur
977 2011 1115 2075 dixisse:
1153 2012 1328 2094 ‚...quin

157 2115 302 2178 eiusdem
321 2115 462 2180 hominis
480 2119 531 2193 sit,
548 2119 604 2200 qui
621 2119 790 2201 improbos
804 2120 932 2201 probet,
950 2120 1072 2200 probos
1086 2117 1328 2200 improbare‘.*)

246 2222 440 2300 Quaestioni
465 2224 506 2288 de
532 2226 777 2308 compositionis
803 2227 832 2288 vi
858 2225 972 2289 inserit
995 2224 1135 2288 alteram
1152 2225 1329 2308 Dionysius

157 2332 205 2395 de
229 2332 502 2412 superiorum
527 2334 564 2395 in
590 2336 683 2396 arte
708 2334 991 2416 componendi
1018 2332 1179 2398 studiis
1216 2336 1261 2416 (p.
1286 2334 1328 2396 64

159 2472 185 2483 -
201 2440 243 2502 86
268 2438 368 2519 Son).
404 2440 451 2502 De
476 2460 620 2522 compos.
648 2462 679 2523 p.
705 2443 747 2505 64
771 2441 855 2503 Scir:
887 2436 957 2510 Ταῖς
987 2443 1038 2524 μὲν
1068 2437 1117 2503 οὖν
1141 2437 1328 2523 apparatam)

156 2539 255 2623 ὀλίγον
280 2544 336 2607 δεῖν
358 2556 429 2606 πᾶσι
451 2546 547 2630 πολλὴ
571 2542 698 2615 ἐπιδοσις
715 2550 768 2627 (.-.
786 2542 919 2628 πρόνοια)
935 2543 970 2631 ἦν
986 2543 1074 2608 αὐτοῦ
1091 2552 1148 2628 (sc.
1165 2557 1215 2611 coo
1231 2545 1331 2617 δεξιῶς

157 2652 342 2732 συντιθέναι),
359 2662 427 2735 παρ’
446 2653 529 2715 daut
543 2649 625 2714 καλά
642 2649 716 2715 ἐστιν
732 2650 827 2715 atrox
842 2657 877 2716 τὰ
894 2658 985 2738 μέτρα
1000 2657 1103 2716 καὶτὰ
1127 2654 1204 2739 μέλη
1228 2656 1280 2715 καὶ
1304 2648 1330 2714 οἱ

156 2755 252 2838 λόγοι·
273 2767 332 2829 τοῖς
348 2759 380 2821 δὲ
396 2763 647 2844 μεταγενεστέροις
670 2755 767 2821 eduen
790 2760 867 2844 πλὴν
890 2757 1010 2841 ὀλίγων·
1035 2758 1133 2844 χρόνῳ
1157 2760 1189 2822 δὲ
1212 2756 1330 2841 ὕστερον

156 2863 336 2928 παντάπασιν
358 2863 512 2952 ἠμελήθη,
536 2869 589 2928 aui
612 2862 705 2938 οὐδεὶς
729 2865 802 2949 ᾤετο
825 2866 882 2928 δεῖν
906 2865 1065 2947 ἀναγκαῖον
1089 2863 1159 2929 edri
1178 2862 1330 2928 εἷναι-οδδὲ
1415 2889 1418 2890 ’

157 2973 383 3056 συμβάλλεσθαί
405 2994 431 3034 τι
453 2984 493 3056 τῷ
516 2974 622 3035 κάλλει
644 2984 700 3035 τῶν
723 2972 827 3053 ὶόγων.
875 2975 1068 3056 Sequuntur
1097 2972 1330 3057 exenrpla.***)

157 3079 247 3143 Idem
271 3080 396 3145 iudicat
419 3081 660 3163 Dionysiusde
685 3082 855 3146 Demosth.
880 3102 907 3148 c.
933 3085 974 3146 36
999 3104 1030 3164 p.
1052 3084 1134 3146 1666
1158 3081 1198 3144 R.
1248 3082 1328 3145 Per-

159 3190 287 3251 veteres
324 3188 575 3274 ¹compositionis
614 3190 772 3253 suavitati
812 3209 879 3251 nou
919 3189 965 3252 iia
1004 3188 1153 3252 studiose
1193 3208 1330 3271 operam

158 3294 289 3358 dedisse
315 3295 413 3359 tradit
436 3295 552 3359 Cicero
576 3316 622 3360 or.
648 3296 666 3377 ὅ
688 3299 748 3360 185
774 3299 807 3360 et
835 3298 906 3360 186.
941 3295 1075 3376 Pugnat
1092 3296 1208 3359 contra
1227 3295 1330 3371 Quin-

158 3401 292 3467 tilianus
305 3402 450 3479 1Χ4,16.
468 3403 632 3484 Hegesiae
647 3403 853 3485 aliorumque
867 3403 1089 3467 elocutionem
1106 3402 1208 3484 quiid
1224 3421 1330 3482 genus

157 3509 285 3573 dicendi
311 3512 390 3573 sunt
407 3510 550 3593 amplexi
575 3514 693 3574 notant
717 3530 835 3573 omnes
858 3510 995 3574 iudices.
1032 3510 1098 3573 Sed
1122 3509 1201 3591 quid
1225 3509 1266 3573 de
1284 3508 1330 3572 eis

159 3617 246 3694 unde
270 3617 422 3700 politiora
447 3621 642 3701 exspectes?
667 3617 779 3698 Pergit
796 3618 972 3699 Dionysius
997 3617 1050 3688 (de
1075 3636 1181 3698 comp.
1206 3638 1239 3699 p.
1257 3615 1328 3694 68);

158 3719 221 3784 Καὶ
244 3726 269 3784 τί
292 3723 336 3784 δεῖ
356 3725 475 3795 codron<
498 3724 670 3808 θαιιμάζειν,
696 3720 769 3786 ὅπου
792 3746 824 3803 γε
848 3726 900 3785 καὶ
923 3718 950 3784 οἱ
974 3725 1024 3807 τὴν
1049 3722 1222 3808 φιλοσοφίαν
1239 3719 1331 3799 ἐπαγ-

158 3843 213 3850 ,-...,
328 3842 369 3847 ..-

246 3883 271 3950 *)
290 3884 415 3951 Magnam
434 3900 493 3936 esse
512 3883 716 3952 compositionis
739 3884 883 3935 veroa-um
904 3884 958 3935 vim
977 3882 1106 3936 Lessia
1118 3882 1200 3950 gius
1220 3898 1330 3950 quoquc
1423 3913 1425 3918 ·

156 3976 248 4025 noster
267 3990 318 4025 suo
337 3973 436 4026 iudicio
456 3990 521 4025 usus
541 3973 658 4026 ostendii
678 3972 828 4025 Laolrount.
849 3990 871 4025 c.
890 3972 972 4024 XVlll
990 3973 1034 4035 (ad
1054 3972 1084 4024 tl.
1104 3972 1135 4035 V,
1155 3970 1225 4024 722).

247 4079 290 4147 **)
308 4077 332 4132 oi
351 4079 453 4149 δρχαῑοι
472 4079 519 4147 qui
538 4080 601 4143 sint,
621 4096 654 4132 ex
673 4078 779 4132 iudiciis
799 4080 832 4131 de
851 4079 987 4132 veteribus
1007 4079 1132 4132 concludi
1152 4084 1249 4148 potest.

248 4181 306 4251 **⁹‘)
325 4186 416 4240 Obiter
442 4203 539 4239 moneo
558 4187 690 4255 Heges'ae
716 4186 896 4239 elocutionem
923 4186 975 4238 iam
998 4186 1231 4255 Agatharch'dam
1258 4186 1329 4251 (circ.

60 4319 63 4324 .
159 4274 208 4328 136
236 4293 260 4328 a.
290 4275 363 4342 Cirr.)
391 4275 549 4343 exagitasse.
578 4292 603 4327 v.
630 4274 711 4338 alass,
740 4274 831 4343 griech
869 4276 987 4329 BeredS.
1021 4294 1046 4345 p.
1066 4276 1100 4329 25
1121 4293 1177 4346 sq.,
1207 4274 1327 4329 Brzoslxa

156 4363 173 4416 1.
192 4364 209 4416 1.
229 4381 255 4432 ρ.
268 4364 311 4417 ar.
