3100 4809
666 239 885 304 ..43-

271 422 342 487 Iam
374 421 460 503 quod
494 440 534 484 ex
564 419 698 501 syllabis
729 420 847 501 poetas
881 421 913 482 et
951 419 1100 482 oratores
1141 415 1361 484 vocabula

185 530 342 610 attingere
360 527 528 608 rebusque
551 526 805 602 accommodare
822 525 920 588 docet
943 524 985 588 de
1009 544 1115 609 comp.
1132 547 1164 609 p.
1185 528 1360 592 rat-192

185 637 260 700 Sch.
272 634 442 718 conspirat
454 653 528 697 cum
540 632 740 696 Demetrio
752 634 817 714 περὶ
829 628 929 717 ἑρμγν.
942 630 1049 713 §2202
1062 634 1098 693 τὰ
1106 638 1285 718 πεποιημένα
1296 630 1362 697 ὀνό-

187 764 266 827 μοιτα
278 746 314 804 τὰ
326 744 405 803 κατὰ
418 738 537 825 μίμησιν
551 736 733 825 ἐκφερόμενα
745 739 864 809 πάθους
876 735 895 823 ἢ
907 743 1087 823 πράγματος,
1114 740 1154 817 cf.
1168 740 1360 817 Quintilian.

187 848 257 912 Vltl
276 851 379 913 υ31ι
401 841 639 931 ,ilioparoaoria
663 846 797 929 quidem
822 846 853 908 id
877 847 928 908 ost
943 845 1031 909 lictio
1048 846 1201 926 nominis,
1226 847 1361 911 Graecis

189 956 277 1019 intur
302 954 463 1019 niaximas
488 942 605 1017 habita
622 954 771 1029 virtutes,
797 952 893 1015 nohis
909 953 962 1016 vix
985 953 1195 1036 permittitur.
1227 953 1267 1017 Et
1283 955 1364 1017 sunt

190 1062 331 1145 piurima
357 1061 402 1125 ita
427 1060 534 1143 posita
560 1061 603 1122 ab
627 1060 682 1136 iis,
707 1060 763 1141 qui
789 1078 976 1122 sermonem
994 1059 1089 1142 primi
1114 1060 1275 1135 lecerunt,
1300 1080 1362 1142 ap·

187 1170 296 1232 lantes
321 1167 494 1232 attactibus
510 1186 634 1233 vocem.
668 1166 752 1230 Nam
771 1166 958 1246 mugitus
983 1169 1016 1230 ot
1033 1166 1189 1230 sibilus
1206 1167 1239 1231 ol
1254 1186 1362 1230 mur·

189 1295 278 1338 mur
315 1274 391 1337 inde
430 1275 604 1339 venerunt.
653 1273 779 1338 Deinde
810 1276 983 1355 tamquam
1022 1275 1255 1337 consummata
1296 1274 1362 1338 sint

135 1397 139 1402 ‘
189 1381 311 1460 omnia,
335 1381 416 1443 nihil
440 1400 603 1461 generare
629 1380 792 1444 audemus
824 1380 896 1463 ipsi,
929 1400 1004 1444 cum
1036 1380 1140 1445 multa
1175 1380 1294 1444 cotidie
1318 1382 1362 1444 ab

187 1488 334 1570 antiquis
358 1488 432 1552 licta
466 1488 658 1552 moriantur.
706 1487 765 1551 Vix
795 1488 867 1564 illa,
899 1508 986 1571 quae
1021 1492 1201 1574 πεποιημένα
1231 1490 1362 1562 vocant,

189 1615 277 1677 quae
291 1615 331 1658 ex
342 1594 479 1659 vocibus
494 1595 527 1657 in
543 1615 638 1658 usum
651 1595 794 1677 receptis
812 1614 1012 1677 quocunque
1026 1596 1123 1660 niodo
1136 1595 1358 1675 declinantur,

188 1701 284 1765 nobis
302 1701 533 1785 permittimus,
552 1701 666 1783 qualia
679 1705 758 1766 sunt
771 1702 986 1766 sullaturit
1003 1704 1034 1765 et
1052 1701 1361 1789 proscripturit.

277 1808 358 1872 Erat
381 1828 504 1888 magna
534 1809 621 1873 inter
653 1809 781 1872 veteres
817 1809 1034 1893 philosophos
1065 1812 1098 1874 et
1129 1810 1361 1889 grammaticos

188 1916 368 1987 contentio,
402 1918 570 1980 naturane
601 1915 765 1980 vocabula
796 1916 885 1980 tacta
915 1917 981 1980 sint
1016 1936 1059 1981 an
1091 1917 1178 1980 iuter
1210 1916 1361 1980 hominos

191 2023 411 2087 convenerint
434 2024 530 2108 (ρυοει
554 2043 596 2087 au
627 2021 707 2106 νόμῳ
729 2023 802 2087 sive
825 2024 938 2102 θέσει),
975 2043 1041 2104 qua
1072 2023 1114 2087 de
1138 2043 1174 2086 re
1198 2024 1249 2087 est
1272 2023 1367 2113 locu·-

189 2130 392 2213 pletissimus
417 2129 510 2193 testis
535 2130 683 2193 Platonis
708 2129 869 2209 dialogus
903 2130 958 2212 qui
983 2129 1136 2212 Cratylus
1161 2129 1360 2196 inscribitur.

188 2258 218 2302 v.
246 2237 411 2301 Steinthal
434 2259 466 2320 p.
501 2238 543 2300 la
568 2258 640 2320 sqq.
687 2237 734 2300 ttli
758 2238 924 2301 vocabula
954 2237 1051 2319 quasi
1074 2236 1236 2317 imagines
1262 2256 1362 2319 quas·

186 2346 265 2408 dam
291 2364 401 2408 rerum
428 2363 501 2408 esse
533 2345 710 2425 putabant,
745 2343 859 2426 eisque
891 2344 1160 2428 adstipulabatur
1185 2331 1362 2426 Dionysius

188 2454 229 2516 cie
253 2471 399 2535 compos
425 2473 455 2534 p.
478 2453 554 2516 lut:
580 2446 705 2536 Μεγάλη
722 2446 829 2513 τουτων
844 2448 927 2535 ἀρχὴ
943 2446 995 2512 καὶ
1010 2447 1224 2536 διδάσκαλοςὴ
1245 2446 1363 2536 ,φύσις

186 2567 309 2622 ποιοῦσα
333 2555 415 2643 ἡμᾶς
437 2559 748 2644 μιμητικοὺςκαί
771 2559 963 2631 θετικοὺς
986 2568 1056 2620 των
1080 2555 1296 2642 ὀνομάτων,
1319 2556 1364 2631 οἷς

186 2664 326 2750 δηλοῦται
341 2668 376 2726 τὰ
392 2668 550 2749 πράγματα
566 2670 643 2726 κατά
660 2686 739 2735 τινας
754 2660 896 2745 εὐλόγους
911 2668 963 2727 καὶ
986 2669 1135 2751 κινητικὰς
1160 2675 1212 2752 τῆς
1235 2666 1363 2737 διανοίας

187 2768 369 2857 ὁμοιότητας.
416 2769 520 2837 Affert
552 2773 703 2855 exempla
734 2775 767 2835 et
798 2772 909 2846 addit:
941 2775 994 2834 καὶ
1023 2771 1104 2835 ἄλλα
1135 2776 1248 2846 τουτοις
1274 2769 1363 2858 ὅμοια

186 2880 366 2968 παμπληθῆ,
391 2883 427 2942 τὰ
450 2882 501 2963 μὲν
525 2889 624 2965 φωνῆς
647 2876 803 2965 μιμητικαῖ,
829 2883 865 2942 τὰ
888 2879 921 2941 δὲ
944 2890 1070 2966 μορφῆς,
1096 2885 1133 2943 τὰ
1155 2880 1186 2942 δὲ
1206 2879 1302 2964 ἔργον,
1327 2885 1362 2943 toi

186 2986 218 3048 δὲ
240 2983 367 3060 πάθους,
392 2992 427 3050 τὰ
450 2987 482 3048 δὲ
504 2989 655 3069 κινήσεως,
680 2990 716 3048 τὰ
740 2986 771 3048 δὲ
795 2982 950 3072 ἠρεμαίας,
974 2990 1010 3049 τὰ
1034 2986 1066 3049 δὲ
1089 2985 1183 3049 ἄλλον
1205 2992 1362 3073 χρήματος

186 3089 378 3179 ὁτουδήποτε·
403 3083 489 3177 περὶ
512 3090 558 3155 ὧν
583 3091 736 3179 εἴρηται
758 3094 883 3157 πολλὰ.
906 3103 988 3165 τοῖς
1012 3097 1082 3178 πρὸ
1105 3091 1217 3179 ἡμῶν.
1240 3098 1362 3178 τὰκρά-

185 3221 266 3263 τιοτοι
296 3201 328 3262 δὲ
357 3205 453 3285 νέμω,
485 3198 526 3272 ὡς
559 3204 661 3284 πρώτῳ
684 3202 732 3263 τὸν
755 3196 828 3283 ὑπὲρ
852 3198 1043 3285 ἐτυμολογίας
1071 3198 1253 3283 εἰσαγαγόντι
1274 3198 1362 3282 λόγον

186 3306 368 3370 Πλάτωνι
400 3317 441 3390 τῷ
473 3305 671 3390 Σωκρατικῷ,
702 3308 844 3393 πολλαχῇ,
875 3312 927 3393 μὲν
949 3312 1001 3372 καὶ
1024 3309 1144 3392 ἄλλοθι,
1169 3307 1299 3394 μάλιστα
1329 3308 1361 3371 δὲ

186 3411 216 3477 ἐν
246 3425 294 3496 τῷ
325 3412 526 3497 Κρατυλῳ.
573 3416 672 3479 Vides
708 3397 860 3480 Platonis
894 3416 1063 3499 Cratylum
1102 3416 1285 3497 laudatum,
1323 3437 1364 3481 ex

188 3543 253 3605 quo
284 3523 349 3587 iam
374 3526 474 3588 antea
505 3544 612 3607 pauca
642 3524 673 3586 in
707 3543 805 3588 suam
829 3522 1012 3588 doctrinam
1044 3522 1263 3588 transtulerat
1286 3523 1362 3588 Dio·

186 3630 311 3713 nysius,
342 3630 437 3707 Quae
455 3631 507 3694 liic
525 3632 565 3696 de
582 3631 753 3696 vocabulis
771 3634 808 3695 ut
831 3652 941 3696 rerum
966 3632 1180 3697 imitamentis
1204 3631 1362 3716 disputat,

186 3736 277 3800 haud
306 3739 374 3801 scio
408 3758 452 3802 an
483 3738 629 3804 Socratis
660 3739 791 3803 iocandi
822 3739 951 3803 ratione
982 3759 1049 3803 non
1079 3740 1160 3804 satis
1185 3741 1362 3823 perspecta

186 3845 419 3925 adsumpserit.
493 3845 641 3929 Denique
678 3849 791 3911 monet
827 3865 888 3910 nos
928 3846 1015 3910 lianc
1050 3867 1086 3910 se
1125 3848 1228 3910 totam
1260 3866 1363 3929 quae-

185 3951 327 4015 stionem
352 3950 545 4029 instituisse,
578 3957 613 4016 ut
638 3953 821 4034 elementis,
851 3952 996 4036 syllabiS,
1020 3953 1190 4017 vocabulis
1215 3952 1362 4036 pulchris

186 4057 361 4139 pulchram
379 4059 564 4122 orationem
574 4060 664 4122 nasci
679 4059 935 4140 demonstraret,
948 4062 980 4124 et
996 4060 1094 4123 adicit
1104 4060 1239 4124 Homeri
1250 4080 1362 4123 exem·

185 4164 253 4248 pla,
266 4166 386 4247 quibus
395 4162 602 4249 ὀνοματοποιΐα
612 4187 713 4248 quam
725 4167 989 4231 diruntmaxime
1000 4169 1181 4250 spectatur.
1205 4166 1360 4232 Ceterum

185 4271 291 4352 quivis
309 4272 406 4336 facile
425 4274 513 4337 videt
530 4275 688 4338 maiorem
707 4274 805 4337 liuius
819 4275 1023 4358 quaestionis
1036 4276 1166 4356 partem
1181 4273 1222 4337 ad
1236 4270 1363 4358 ἐκλογὴν

184 4373 333 4462 ὀνομάτων
350 4399 423 4443 esse
440 4380 665 4461 relegandam.
691 4380 773 4443 Vide
792 4400 878 4462 quae
895 4400 994 4463 snpra
1015 4402 1045 4463 p.
1062 4382 1184 4462 lisqq.
1209 4379 1360 4445 disserui.
