3100 4809
728 192 944 255 -'55-

243 389 380 457 genera·
400 371 647 456 compositionis
678 391 753 435 cum
785 371 963 451 generibus
994 370 1094 434 totius
1125 368 1319 432 elocutionis
1349 390 1415 432 non

243 483 449 564 congruunt:
485 479 608 544 etenim
645 479 840 542 elocutionis
876 499 1000 559 genera
1035 479 1114 541 sunt
1154 479 1187 537 τό
1222 471 1335 560 ὑψηλὸν
1371 476 1415 554 (τό

242 585 408 673 αὐστηρόν),
434 589 465 648 τό
483 583 600 672 ἀφελές,
626 587 657 646 τό
674 580 774 669 μικτόν
791 586 924 668 (μέσον);
949 583 1196 667 coxrtpositionis
1213 580 1244 645 τὸ
1261 578 1415 666 αόσιηρόν,

243 699 274 758 τό
298 695 512 780 ηλαρυρόν,
537 688 687 754 τὸκοινόν
711 693 847 776 (μικτόν).
894 691 1040 755 Primum
1067 693 1100 754 et
1123 691 1258 755 tertium
1275 691 1415 771 *quidem

243 802 437 868 elocutionis
469 802 501 864 et
533 799 780 882 compositionis
812 819 936 879 genera
970 799 1163 880 conspirant
1186 800 1220 861 et
1244 798 1415 879 utriusque

243 911 350 974 eidem
375 909 527 973 auctores
552 908 586 969 et
610 906 703 988 quasi
727 905 894 988 principes
926 907 1142 969 nominantur
1172 904 1333 986 (sublimis
1358 924 1415 983 ge-

242 1016 330 1080 neris
362 1016 496 1097 praeter
527 1013 654 1075 ceteros
687 1009 902 1095 Thucydidis
937 1012 1034 1076 medii
1057 1011 1330 1094 Demosthenes);
1356 1011 1413 1073 sed

241 1124 273 1184 τὸ
296 1118 455 1205 ηλαμυρόν,
480 1119 573 1183 culus
597 1119 726 1199 generis
750 1116 785 1182 in
809 1103 893 1183 libro
913 1119 958 1197 'de
983 1120 1222 1203 compositione
1239 1120 1415 1201 praestan·

242 1230 387 1294 tissimus
412 1229 528 1291 auctor
551 1213 709 1290 laudatur
732 1227 908 1298 Isocrates,
933 1229 966 1291 et
990 1229 1021 1288 τὸ
1046 1224 1165 1312 ἀμελές,
1191 1227 1280 1308 quod
1296 1225 1413 1308 Lysiae

233 1337 381 1400 maxime
414 1334 583 1417 proprium
620 1338 689 1410 est,
720 1333 812 1397 nullo
843 1335 942 1397 modo
974 1334 1187 1398 conveniunt.
1234 1333 1352 1416 Lysiae
1380 1333 1413 1395 in

241 1445 323 1507 lihro
348 1444 388 1506 de
415 1454 520 1525 comp.
546 1441 638 1506 verb.
663 1442 799 1505 omnino
816 1442 941 1506 mentio
958 1462 1025 1505 non
1042 1443 1094 1515 fit;
1117 1441 1282 1505 Isocrates
1308 1440 1414 1503 floridi

238 1550 447 1632 {uegetioris
464 1551 591 1627 auctor,
616 1549 648 1611 in
673 1548 757 1618 libro
774 1549 815 1613 de
833 1537 1059 1612 Demosthene
1075 1544 1107 1609 τό
1123 1552 1212 1631 μέσον
1229 1546 1412 1611 excoluisse

238 1658 343 1721 fertur
367 1657 401 1719 et
423 1676 532 1739 paene
550 1656 740 1738 perfecisse.
775 1660 889 1738 Neque
907 1656 951 1720 ita
967 1676 1028 1719 nos
1045 1655 1206 1719 extricare
1223 1671 1412 1737 possumus,

238 1767 281 1829 ut
297 1765 491 1846 Dionysium
526 1762 854 1845 posteriore‘aetate
891 1799 930 1809 -
967 1763 1008 1825 de
1031 1763 1257 1826 Demosthene
1292 1760 1411 1824 librum

228 1873 319 1955 post.
342 1871 463 1934 librum
486 1870 527 1933 de
552 1870 792 1952 compositione
816 1870 907 1935 verb.
943 1869 1085 1933 confecit
1110 1871 1141 1933 et
1165 1868 1267 1934 edidit
1293 1904 1328 1916 —·
1357 1870 1412 1932 illa

237 1980 346 2061 priore
370 1978 530 2040 divisione
555 1976 688 2053 omissa,
714 1976 777 2039 tria
803 1996 927 2057 genera
951 1973 1097 2053 dicendi,'
1118 1995 1204 2056 quae
1230 1976 1284 2040 alii
1308 1998 1412 2058 agno-

237 2085 365 2164 verant,
390 2084 557 2166 recepisse
581 2083 748 2156 dicarnus3
774 2102 853 2147 uam
877 2083 911 2146 in
934 2084 1007 2165 ipso
1027 2084 1068 2147 de
1086 2084 1311 2148 Demosthene
1327 2084 1412 2148 libro

226 2192 325 2256 'illam
351 2191 538 2258 doctrinam
562 2190 605 2253 ad
630 2190 770 2254 verbum
795 2192 966 2256 retractat.
1001 2192 1119 2274 ltaque
1144 2191 1335 2275 Dionysium
1355 2195 1412 2256 aut

236 2300 298 2362 sibi
322 2319 389 2362 nou
416 2299 627 2362 constantem
649 2298 753 2362 fuisse
779 2297 894 2362 credas
912 2299 968 2362 aut
986 2299 1232 2382 compositionis
1251 2316 1411 2380 generum

235 2407 333 2470 aliam
367 2412 440 2470 esse
472 2405 636 2472 rationem
669 2406 771 2487 alque
796 2406 965 2485 originem.
1012 2406 1174 2469 Nimirum
1198 2407 1262 2471 tria
1287 2426 1411 2488 genera

236 2512 454 2591 elocutioniS,
487 2531 575 2592 quae
611 2512 827 2589 ferebantur,
864 2513 907 2576 ab
944 2513 1015 2577 aliis
1047 2514 1239 2597 Dionysium
1273 2514 1410 2596 accepit,

236 2620 574 2703 compositionis
600 2639 760 2701 genera
783 2621 920 2703 ipsum
945 2621 1131 2685 finxisse
1156 2624 1246 2705 putu.

431 2799 486 2864 De
511 2801 652 2864 trihus
677 2801 945 2865 elocutionis
970 2803 1204 2882 generibus

234 2942 301 3006 iam
332 2963 420 3024 quae
453 2943 595 3008 dicenda
628 2946 707 3007 suut
729 2946 930 3009 subnectere
956 2965 1022 3009 non
1048 2946 1193 3010 alienum
1219 2948 1314 3011 duco,
1363 2948 1409 3010 De

229 3049 405 3113 Demoslh.
431 3070 457 3113 c.
485 3054 499 3114 l
537 3053 581 3133 (p.
606 3053 670 3115 955
695 3052 749 3129 R),
780 3054 960 3134 postquam
985 3052 1188 3136 Thucydidis
1220 3053 1328 3117 locum
1355 3055 1409 3135 (lll

234 3176 260 3219 c.
286 3156 341 3237 82)
365 3157 491 3245 posuit:
516 3153 535 3241 ἡ
560 3161 611 3241 μὲν
635 3153 685 3219 οὖν
709 3153 981 3244 ἐξηλλαγμένη
1011 3162 1063 3221 καὶ
1093 3164 1255 3245 περιττὴ
1285 3164 1337 3223 καὶ
1360 3158 1409 3241 ἐγ-

232 3258 417 3333 κατάσκευος
439 3265 492 3324 καὶ
515 3273 575 3333 τοῖς
598 3259 745 3335 ἐπιθέτοις
767 3268 890 3348 κόσμοις
914 3263 1005 3327 ἅπασι
1028 3266 1305 3353 συμπεπληρωμένη
1322 3268 1408 3339 λέξις,

233 3367 269 3454 ἦς
304 3365 373 3451 ὅρος
402 3371 454 3430 καὶ
476 3374 574 3431 κανὼν
598 3366 614 3431 δ
638 3365 830 3456 Θουκυδίδης,
863 3372 894 3433 ὃν
918 3368 1020 3444 οὐδεὶς
1043 3370 1111 3436 οὔδ’
1136 3369 1408 3457 δπερεβαλετοτων

234 3473 440 3560 ἐπιγενομένων
472 3472 532 3538 οὔτ’
563 3473 747 3562 ἐμιμήσατο,
781 3475 898 3564 τοιαότη
929 3501 971 3550 τις
1001 3478 1045 3565 ἦν.
1093 3485 1132 3562 (c.
1151 3484 1183 3562 2)
1206 3478 1244 3543 ‘H
1268 3482 1299 3543 δέ
1323 3479 1408 3565 ἑτέρα

232 3582 318 3661 λέξις,
343 3579 363 3668 ἡ
387 3584 471 3668 λιτη
494 3586 546 3646 καὶ
570 3582 734 3670 ἀφελὴς,
758 3588 811 3646 καὶ
834 3570 964 3648 δοκοῦσα
987 3586 1174 3674 κατασκευήν
1197 3612 1227 3652 τε
1249 3592 1300 3652 καὶ
1323 3586 1408 3674 ἰσχὺν

231 3691 283 3773 την
306 3693 380 3772 πρὸς
400 3686 517 3776 ἰδιώτην
539 3691 618 3774 ἔχειν
641 3688 727 3772 λόγον
751 3694 803 3754 καὶ
826 3689 994 3778 ὁμοιότητα,
1028 3695 1157 3768 πολλοὺς
1187 3700 1239 3781 μὲν
1261 3697 1334 3781 ἐ’σχε
1357 3699 1408 3758 καὶ

232 3795 369 3875 ἀγαθοὺς
387 3795 502 3878 ’ἄνδρας
525 3802 715 3879 προστάτας.
735 3852 740 3862 ,
759 3846 765 3858 .
791 3795 941 3861 ἐτελείωσε
957 3800 989 3863 δὲ
1005 3797 1095 3888 αυτὴν
1120 3852 1150 3868 ..
1169 3799 1291 3875 Λυσίας.
1317 3812 1357 3882 (c.
1375 3807 1407 3886 3)

232 3898 322 3987 Τρι’τη
352 3903 461 3976 λέξεως
489 3902 524 3990 ἡν
555 3928 574 3990 η
605 3911 722 3991 μικτή
753 3927 784 3968 τε
807 3909 859 3967 καὶ
882 3909 1023 3980 σόνδετος
1045 3906 1080 3971 ἐκ
1103 3913 1211 3972 τουτων
1233 3922 1289 3971 των
1313 3911 1406 3972 δυεῖν·

231 4008 267 4091 ἢν
291 4005 307 4071 ὁ
331 4004 382 4094 μέν
406 4022 521 4092 πρῶτος
543 4010 750 4098 ἁρμοσάμενος
773 4015 826 4074 καὶ
847 4021 1039 4099 καταστήσας
1054 4012 1095 4087 εἰς
1111 4019 1158 4078 τὸν
1174 4026 1221 4078 νυν
1236 4013 1407 4101 ὑπάρχοντα

232 4114 352 4202 κόσμον,
385 4115 440 4181 εἴτε
471 4118 675 4205 Θρασόμαχος
698 4117 714 4183 ὁ
738 4119 947 4204 Χαλκηδόνιος
969 4119 1014 4207 ην,
1050 4119 1092 4195 ὡς
1114 4122 1201 4185 οἴεται
1226 4124 1407 4210 θεόμρα-

231 4245 335 4306 στος,
361 4224 415 4287 εἴτε
439 4226 532 4299 ἄλλος
556 4250 605 4304 τις,
638 4225 692 4290 οὐκ
716 4227 779 4313 ἐ’χω
803 4228 904 4310 λέγειν.
930 4225 956 4291 οἱ
979 4231 1004 4291 δ’
1037 4230 1222 4317 ἐκδεξάμενει
1253 4235 1304 4294 καὶ
1336 4232 1408 4294 ανα-

231 4333 394 4415 δρέψαντες
416 4336 467 4395 καὶ
491 4331 524 4396 οὔ
548 4337 623 4397 πολὺ
647 4331 829 4421 ἀποσχόντες
853 4347 901 4399 του
926 4339 1083 4420 τελειῶσαι,
1108 4336 1238 4424 ῥητόρων
1262 4344 1313 4424 μέν
1335 4336 1408 4402 Ἰσο-
