3100 4809
296 1114 334 1183 In
353 1111 500 1194 Dionysii
513 1108 823 1175 Halicarnassensis
840 1107 1001 1172 librorum
1013 1105 1256 1171 rhetoricorum
1271 1104 1382 1168 fontes

207 1241 244 1304 ut
268 1238 478 1320 inquirerem,
505 1237 622 1300 auctor
646 1233 725 1299 mihi
748 1233 811 1298 fuit
827 1232 1010 1298 Guilelmus
1034 1232 1198 1309 Christ,
1224 1231 1382 1312 magister

207 1365 353 1448 optimus
377 1365 410 1427 et
434 1362 637 1426 certissimus
662 1361 748 1436 dux;
779 1360 958 1424 artioribus
983 1360 1096 1424 autem
1128 1356 1250 1421 linibus
1282 1375 1383 1440 quae·

205 1491 347 1555 stionem
372 1487 644 1563 circumscribere
667 1506 743 1550 meo
765 1485 916 1569 permisit
939 1484 1086 1550 arbitrio.

297 1614 425 1679 Gradus
456 1630 724 1696 progressusque
754 1611 835 1675 artis
873 1611 1059 1685 oratoriae,
1092 1628 1194 1691 quam
1228 1608 1305 1673 inde
1338 1608 1380 1673 ab

207 1738 582 1821 Gorgiae-temporibus
612 1738 647 1801 in
678 1757 809 1801 summo
834 1736 923 1820 apud
947 1736 1094 1800 Graecos
1128 1735 1255 1799 honore
1279 1733 1381 1798 fuisse

206 1867 348 1945 constat,
373 1883 576 1947 cognoscere
601 1865 633 1927 et
658 1863 847 1926 describere
872 1881 926 1926 res
944 1862 1001 1926 est
1025 1862 1061 1925 ut
1084 1858 1283 1942 quaestione
1307 1858 1380 1939 dig·

207 1990 344 2054 nissima
369 1990 414 2053 ita
439 1988 550 2052 multis
575 1988 773 2070 magnisque
799 1987 1048 2078 difficultatibus
1072 1984 1333 2068 impeditissima.

294 2114 381 2179 Ante
420 2115 632 2180 Aristotelem
670 2088 1005 2197 qdriiid2'⁴³i1uantum
1044 2111 1197 2176 rhetores
1235 2111 1268 2174 in
1309 2112 1381 2174 arte

204 2239 417 2322 profecerint,
441 2240 619 2305 illustravit
641 2240 675 2305 L.
702 2238 910 2323 SpengeliuS‚
935 2237 983 2300 vir
1000 2236 1210 2301 doctissimus
1228 2234 1375 2300 acutissi-

204 2383 364 2446 musque‚
390 2385 429 2429 eo
453 2365 536 2429 libro
561 2365 617 2446 qui
641 2367 796 2449 συναγωγὴ
819 2373 928 2448 τεχνῶν
951 2362 1157 2434 inscribitur;
1194 2360 1380 2425 Aristotelis

203 2490 306 2573 ipsius
321 2491 503 2570 cristatam,
518 2492 772 2555 mouumentum
789 2510 866 2554 aere
879 2490 1078 2573 perennius;
1092 2488 1172 2552 artis
1181 2488 1379 2570 scriptorum

204 2615 317 2679 autern
341 2615 398 2696 qui
421 2617 609 2697 sequuntur
627 2636 733 2699 usque
759 2616 801 2681 ad
823 2612 967 2698 Augusti
984 2617 1136 2699 tempora
1160 2613 1259 2678 unius
1275 2613 1380 2679 habe·

205 2759 277 2803 mus
302 2739 451 2823 Dionysii
481 2740 787 2806 Halicarnassensis
818 2742 969 2826 pleniora
992 2741 1185 2825 praecepta,
1214 2741 1251 2803 ut
1280 2738 1379 2803 huius

203 2865 354 2931 doctrina
385 2846 810 2951 explanatafontibusque
842 2869 979 2933 detectis
1013 2868 1057 2931 illi
1089 2886 1223 2950 quoque
1255 2866 1380 2932 subob-

203 3007 322 3055 scurae
346 2991 449 3055 aetati
474 2991 684 3073 aliquantum
709 2992 792 3056 lucis
818 2994 987 3058 afferatur.

290 3098 437 3181 Dionysii
461 3098 562 3162 libros
585 3099 767 3163 rhetoricos
800 3102 836 3165 ut
860 3101 892 3163 in
918 3100 985 3165 duo
1009 3120 1135 3182 genera
1159 3119 1267 3182 eaque
1291 3100 1378 3165 inter

201 3242 237 3286 se
262 3224 404 3303 cognata
421 3223 520 3288 dividi
535 3245 634 3308 posse
651 3226 820 3308 putamus,
844 3227 1025 3309 praecepta
1051 3227 1131 3291 artis
1155 3226 1320 3291 oratoriae
1345 3229 1378 3292 et

201 3346 241 3410 de
280 3348 449 3412 veteribus
484 3350 700 3433 scriptoribus
733 3350 871 3431 iudicia,
901 3352 948 3416 ita
981 3351 1023 3415 de
1056 3350 1204 3415 fontibus
1243 3370 1377 3434 quoque

200 3473 432 3552 quaestionem
454 3475 486 3538 in
512 3475 594 3540 duas
619 3477 789 3541 divisimus
813 3480 938 3560 partes
962 3495 1106 3559 quarum
1124 3476 1264 3541 alteram
1288 3497 1377 3560 quae

88 3659 93 3666 .
173 3599 250 3690 *est
273 3598 314 3662 de
337 3600 526 3683 praeceptis
551 3602 704 3666 oratoriis
729 3603 838 3686 priore
863 3603 935 3668 loco
952 3603 1212 3678 illustrabimm,
1236 3602 1377 3669 alteram

200 3737 287 3804 quae
313 3726 364 3788 est
388 3725 429 3789 de
453 3725 581 3789 iudiciis
606 3727 790 3809 posteriore
814 3727 887 3792 loco
904 3728 1141 3795 adumbratam
1164 3729 1376 3800 subiciemus.
