3100 4809
679 213 728 234 ’·-
777 184 908 254 19-

777 369 807 435 2.

408 509 464 575 De
489 508 648 574 alienis
672 508 822 573 verbis
846 508 938 573 sive
962 509 1010 573 de
1035 510 1187 594 tropis.

484 653 620 736 (τροπικὴ
633 654 827 734 ,κατασκευῇ
852 652 987 733 τροπιναὶ
1008 645 1106 731 ἰδέαι).

290 795 466 879 Perpauca
482 795 560 858 sunt
576 812 665 876 quae
681 793 722 859 de
738 791 885 875 Dionysii
909 792 1062 858 doctrina
1080 794 1121 859 dc
1138 796 1241 878 tropis
1259 796 1379 861 afferro

140 891 144 899 ’
201 922 349 988 possum.
398 901 446 966 De
470 899 639 964 Demosth.
664 917 691 963 c.
717 901 736 964 5
760 920 793 983 p.
817 900 882 964 966
907 900 956 964 u:
987 900 1115 985 μάλιστα
1146 899 1178 962 δὲ
1205 903 1379 987 χειμάζεται

201 1006 235 1095 (ἡ
257 1006 419 1081 Πλάτωνος
440 997 530 1088 λέξις)
553 1008 619 1089 περὶ
642 1009 693 1092 τὴν
717 1008 910 1091 τροπικὴν
932 1010 1090 1092 φράσιν·
1124 1008 1222 1094 πολλὴ
1246 1012 1299 1094 μὲν
1321 1015 1378 1094 γὰρ

201 1112 315 1187 ἐντοῖς
345 1111 501 1195 ἐπιθέτοις,
534 1110 661 1196 ἄκαιρος
691 1111 716 1174 δ’
735 1108 764 1174 ἐν
789 1121 853 1183 ταῖς
884 1107 1169 1197 μετωνυμίαις·
1197 1115 1315 1202 σκληρὰ
1346 1117 1379 1179 δὲ

200 1225 253 1302 καὶ
275 1217 310 1285 οῖ’)
335 1223 472 1293 οὼζουοα
495 1222 547 1306 π’ρν
570 1217 730 1299 ἀναλογίαν
754 1215 783 1280 ἐν
806 1227 871 1289 ταῖς
894 1228 1142 1305 μεταφοραῖς
1163 1217 1285 1300 γίνεται·
1311 1221 1376 1286 ἀλ-

199 1311 295 1416 ληγο
305 1351 322 1412 ρ
334 1325 346 1389 ι’
352 1350 396 1401 οις
419 1309 449 1394 d
472 1329 529 1408 (an
543 1325 575 1387 u
587 1326 615 1404 22)
630 1323 837 1409 περιβάλλεται
853 1328 972 1410 μακρὰς
995 1328 1047 1389 καὶ
1063 1325 1176 1398 πολλᾶς
1192 1323 1257 1390 οὔτε
1273 1332 1377 1413 μέτρον

202 1431 331 1521 ἔγουοας
342 1430 407 1497 οὔτε
419 1425 529 1516 καιρόν.
546 1432 588 1496 cf.
602 1433 643 1497 de
659 1434 756 1497 isocr.
775 1427 937 1515 ο.11;ἡδ’
952 1427 1139 1516 Ἰσοκράτους
1151 1432 1229 1507 λέξις
1240 1437 1373 1517 προσλα-

162 1531 166 1540 ’
197 1539 290 1624 potioni
314 1564 339 1604 τι
360 1551 413 1627 τῆς
436 1531 576 1634 λροπικιγς
598 1548 790 1625 κατασκευῆς
812 1543 902 1623 μέχρι
930 1547 981 1601 τοῦ
1003 1541 1046 1624 μὴ
1078 1540 1207 1626 λυπῆσαι
1229 1543 1373 1629 προῆλθε.
1406 1538 1409 1541 ⁴

199 1633 245 1714 rie
269 1649 369 1732 Lysia
393 1668 420 1714 c.
440 1647 466 1713 '3
489 1669 521 1732 p.
539 1648 603 1712 457
628 1647 674 1711 R:
709 1645 960 1732 μεταβολαῖς
993 1649 1035 1725 (v.
1062 1668 1092 1729 p.
1110 1650 1166 1730 20)
1191 1670 1221 1710 τε
1244 1648 1371 1721 πολλαῖς

196 1758 342 1842 χρώμενοι
364 1756 416 1816 καὶ
437 1741 676 1837 ὑπερβολαῖς
698 1754 750 1815 ναὶ
773 1761 838 1823 ταῖς
860 1750 967 1824 ἄλλαις
990 1761 1143 1836 τροπικαῖς
1163 1749 1265 1827 ἰδέαις.
1305 1747 1371 1821 Sed

199 1861 239 1926 e‘x
263 1860 374 1925 verbis
398 1859 441 1924 de
464 1859 614 1943 Thucyd.
638 1859 706 1923 iud.
732 1879 759 1925 c.
785 1860 824 1923 31
852 1880 883 1942 p.
901 1860 962 1924 891
990 1859 1036 1924 R:
1059 1855 1134 1932 ,Καὶ
1158 1857 1251 1945 ὅρκοι,
1274 1865 1370 1949 φησίν,

197 1945 225 2030 εἷ
255 1987 313 2029 που
348 1962 408 2049 ἄρα
440 1960 585 2050 Ιἐγίγνοντο
616 1963 724 2048 [apud
755 1964 984 2048 Thucydidem
1018 1961 1152 2049 γένοιντο,
1195 1968 1284 2050 quod
1318 1970 1371 2034 hic

198 2071 447 2158 reponendum]
471 2069 665 2155 ξυναλλαγῆς,
691 2066 784 2152 ἐντῷ
808 2064 914 2132 αὐτίκα
936 2073 1011 2155 προς
1042 2067 1074 2135 τὸ
1102 2069 1213 2155 ἄπορον
1239 2070 1370 2159 ἑκατέρῳ

191 2174 465 2265 ,δῖδόρπνοιῖοχυον,
489 2171 545 2239 ουκ
567 2172 694 2261 ἐχόντων
717 2174 849 2240 ἄλλοθεν
872 2172 1010 2262 δύναμιν.ι
1036 2173 1066 2240 ἐν
1088 2173 1199 2251 τούτοις
1223 2180 1370 2265 (Thucy-

195 2263 289 2351 dides
322 2285 446 2362 verbis)
481 2279 710 2367 ὑπερβατόν
744 2305 783 2346 τε
816 2286 883 2345 ναὶ
905 2287 1154 2370 περίφρασις,
1192 2288 1244 2352 vix
1277 2291 1368 2352 recte

194 2396 328 2477 tropum
359 2379 478 2457 elicere
510 2393 650 2456 conatur
681 2390 835 2456 Roessler
858 2390 879 2457 Ι.
902 2391 924 2460 l.
947 2412 980 2475 p.
1005 2394 1057 2459 43.
1090 2413 1121 2458 ν.
1151 2394 1192 2457 de
1216 2393 1365 2479 Thucyd.

195 2499 223 2566 c'.
249 2500 268 2565 7
293 2501 326 2563 et
354 2501 402 2565 19.

283 2622 456 2706 Copiosius
472 2624 506 2688 et
521 2620 710 2703 diligentius
726 2620 933 2706 disputatum
950 2625 1001 2688 est
1012 2624 1053 2688 de
1067 2625 1170 2708 tropis
1183 2625 1226 2690 ab
1238 2624 1365 2690 Aristo·

194 2730 259 2795 ieie
283 2730 368 2795 rhei.
392 2728 436 2794 111
460 2748 488 2796 c.
506 2730 536 2807 2,
561 2748 623 2792 nec
647 2747 714 2792 non
739 2730 915 2794 verisimile
939 2733 991 2795 est
1013 2730 1202 2797 doctrinam
1226 2733 1269 2798 ab
1297 2734 1366 2796 ari-

193 2837 320 2902 stotelis
356 2835 525 2920 discipulis
562 2836 594 2899 et
617 2835 790 2900 Isocraieis
826 2835 956 2918 longius
986 2840 1173 2920 promotam
1208 2859 1293 2919 esse,
1328 2843 1365 2905 ut

192 2941 383 3025 Dionysium
409 2941 591 3023 quidquam
616 2941 694 3004 novi
719 2942 887 3008 addidisse
911 2943 1088 3008 verisimile
1111 2964 1179 3008 non
1204 2947 1255 3010 sit.

281 3082 329 3147 Ex
356 3083 435 3148 iocis
460 3082 606 3167 Dionysii
637 3082 745 3149 altatis
780 3083 812 3147 hi
837 3084 1034 3167 coliigunter
1064 3086 1148 3169 tropi
1173 3084 1218 3169 (v.
1243 3087 1362 3152 Roeis-

190 3187 238 3253 ier
261 3209 292 3272 p.
318 3191 391 3266 43):

279 3308 493 3400 Μεταφορά
515 3314 729 3396 (translatio).
761 3311 941 3401 Μεταμορὰν
964 3317 1031 3383 iam
1054 3319 1216 3384 isocrates
1241 3320 1358 3385 eodem

131 3505 136 3512 ,
193 3439 259 3502 quo
283 3418 484 3503 posteriores
509 3438 610 3483 sensu
635 3424 775 3504 usurpat
799 3423 883 3487 orat.
909 3422 950 3486 lX
973 3423 991 3506 ἓ
1017 3428 1047 3490 ti.

278 3557 519 3646 Μετωνυμία.
544 3561 590 3626 De
615 3565 780 3648 μετωνυμίογ
804 3566 837 3628 et
860 3558 1017 3649 ὑπαλλαγῖγ
1043 3566 1212 3632 v.Voikur.
1237 3568 1359 3635 unet}

188 3692 219 3755 p.
245 3670 320 3735 423.
359 3666 474 3732 Cicero
498 3670 580 3733 orat.
600 3670 640 3733 27
665 3667 762 3751 593:
788 3668 885 3746 Quod
901 3692 1104 3755 quamquam
1122 3674 1357 3739 transferendo

188 3777 235 3853 tit,
261 3777 373 3841 tamen
397 3773 461 3838 alio
485 3774 582 3839 modo
615 3775 796 3854 transtulit,
829 3796 932 3859 quum
964 3779 1043 3843 dixit
1066 3779 1210 3844 Ennius:
1243 3778 1358 3854 ‚Arce

188 3884 229 3948 et
252 3882 356 3946 urbe
380 3883 485 3945 orba
501 3885 610 3951 sum‘.
635 3881 699 3946 alio
717 3883 814 3946 modo
831 3885 858 3945 si
875 3904 935 3966 pro
950 3885 1059 3967 patria
1075 3904 1188 3949 arcem
1208 3885 1357 3962 dixissen

188 3991 221 4054 et
246 3988 481 4066 ‚horridam
503 3987 693 4053 Airicarn
716 3989 915 4054 terribili
940 3992 1123 4055 tremere
1140 3992 1357 4070 tumultu‘,

187 4115 290 4178 quum
315 4095 402 4175 dicit,
425 4115 486 4178 pro
501 4094 589 4158 Afris
614 4095 768 4159 immutat
793 4095 948 4161 Africam.
988 4096 1105 4161 Hanc
1128 4091 1357 4181 ὑπαλλαγὴν

162 4200 402 4282 >rhetorem
432 4200 511 4283 quia
535 4200 631 4283 quasi
655 4201 904 4265 summutantur
926 4203 1030 4268 verbo
1061 4203 1265 4287 provectis,
1299 4225 1356 4289 με·

185 4303 379 4392 τυνυμὲαν
402 4306 673 4388 grammatici
691 4307 823 4384 vocant,
840 4307 929 4388 quod
945 4310 1083 4374 nomino
1100 4310 1356 4377 transferuntur.

1162 4414 1196 4470 2⁸
