3100 4809
637 239 854 308 ..86-

152 422 360 504 singularum
385 422 536 502 fuissent,
561 424 616 505 qui
641 423 758 486 melius
794 423 1026 487 excoluissent.
1072 424 1183 505 Atque
1207 424 1272 487 hac
1295 425 1328 487 in

152 550 187 593 re
221 549 287 593 non
321 530 437 594 ultimo
468 530 541 593 loco
574 530 861 613 Theophrusiuni‚
891 530 950 620 qui
984 550 1100 593 omues
1134 531 1329 595 eloeuiionis

152 637 545 720 paries'diligentissiuie
578 639 742 701 irae-tasse
777 637 927 712 videtur,
968 636 1161 701 habendum
1193 658 1267 701 esse
1298 640 1331 703 οί

152 761 241 824 quae
265 765 367 828 supra
392 745 433 808 de
450 743 686 827 Theophrasto
711 744 928 807 disseruimus
946 744 1066 807 docent
1090 746 1122 808 ei
1140 763 1227 824 quae
1243 744 1331 809 inira

153 850 332 914 afferemus
359 851 616 917 confirmabunt.
1380 935 1385 943 ⁴

241 958 374 1022 Aooedo
406 959 448 1022 ad
481 958 622 1022 alierum
647 959 767 1035 locum,
801 977 868 1038 quo
893 958 1070 1040 Dionysius
1103 978 1180 1022 acer
1211 979 1330 1023 censor

153 1063 377 1148 Theophrasti
408 1065 541 1147 exstitit,
573 1065 614 1129 do
645 1064 719 1147 Lys.
751 1085 777 1130 ο.
814 1066 854 1128 14
886 1086 917 1146 p.
951 1066 1033 1129 483:
1073 1061 1136 1127 Καὶ
1166 1067 1331 1149 θαυμάζειν

152 1168 243 1247 ἀξιον,
268 1168 296 1232 τί
316 1170 352 1257 δή
376 1192 445 1234 ποτε
468 1172 575 1234 παθῶν
598 1168 614 1233 ό
638 1168 900 1257 Θεόφραστος
923 1181 978 1233 τῶν
994 1182 1139 1257 φορτικῶν
1154 1175 1206 1234 καί
1221 1178 1331 1256 περιέρ-

151 1298 211 1358 γιυν
233 1272 319 1339 αότὸν
343 1276 432 1341 οἴεται
455 1280 588 1363 ζηλωτήν
612 1279 749 1358 γενέσθαι
772 1275 867 1358 λόγιον
896 1279 948 1340 καί
972 1274 1003 1339 τὸ
1035 1282 1184 1365 ποιητικὸν
1214 1279 1330 1343 διώκειν

153 1384 269 1468 μᾶλλον
292 1381 312 1469 ἢ
335 1388 367 1447 τὸ
391 1383 543 1471 ἀληθινόν.
568 1381 597 1446 ἐν
629 1393 696 1465 γοῦν
731 1394 813 1455 τοῖς
847 1387 932 1467 περὶ
968 1384 1115 1457 λέξεως
1148 1397 1331 1472 γραφεῖσι

155 1499 211 1552 τῶν
234 1512 264 1551 τε
288 1488 387 1553 ἀλλων
410 1494 636 1578 καταμέμφεται
659 1501 714 1552 τῶν
736 1493 802 1573 περὶ
825 1494 880 1562 τὰς
903 1489 1065 1562 ἀντιθέσας
1086 1495 1139 1553 καί
1155 1497 1331 1576 παρισώσεις

156 1598 208 1660 καί
235 1600 449 1681 παρομοιώσεις
476 1599 528 1660 καί
558 1601 593 1660 τὰ
623 1599 818 1683 παραπλήσια
848 1601 958 1668 τοίντοις
987 1603 1132 1682 σχήματα
1159 1598 1331 1662 διεσπουδα-

157 1706 251 1765 κότων
273 1705 326 1766 καί
349 1702 385 1788 δή
409 1705 462 1765 καί
486 1707 532 1765 τὸν
556 1701 671 1766 Λυσίαν
694 1700 724 1765 ἐν
747 1706 857 1775 τοότοις
887 1705 1076 1788 καταριθμεῖ,
1108 1700 1159 1765 καί
1189 1708 1237 1768 τὸν
1260 1702 1331 1789 ὑπὲρ

158 1806 276 1892 Νικίου,
309 1819 358 1873 τοῖν
389 1820 553 1897 στρατηγοῦ
584 1822 639 1872 τῶν
669 1807 853 1895 Ἀθηναίων,
885 1807 982 1890 λόγον,
1008 1808 1040 1872 όν
1064 1808 1141 1873 εἶπεν
1165 1809 1211 1874 ἐπὶ
1234 1810 1331 1897 Συρα-

158 1912 284 1980 κουσίων
315 1912 508 2002 αίχμόιλιυτος
531 1915 588 1996 ῶν,
619 1914 660 1988 ὡς
690 1913 746 1979 ἀπὸ
776 1914 878 1979 τοότου
901 1921 1100 2002 γεγραμμένον
1123 1928 1173 1981 τοῦ
1196 1915 1330 2005 ῥήτορος,

157 2025 340 2107 παρατιθείς.
387 2021 515 2086 κῶλίισει
539 2023 565 2085 δ’
590 2020 673 2086 οάδέν
693 2021 766 2095 ἴσως
790 2027 842 2087 καί
858 2027 909 2109 τήν
932 2023 1033 2095 λέξιν
1057 2020 1176 2109 αότὴν
1200 2027 1332 2088 θεῖναι

158 2138 222 2193 τοῦ
246 2121 502 2217 Θεοφράστου.
526 2130 607 2194 ἐστι
630 2130 670 2192 δὲ
693 2128 780 2216 ἥδε·

249 2234 421 2314 ,Ἀντίθεσις
446 2238 472 2299 δ’
496 2238 555 2302 ἔστι
577 2227 694 2322 τριττῶς
718 2240 771 2319 (cf.
798 2239 933 2303 Arisioi.
959 2238 1044 2303 rhei.
1069 2241 1114 2303 lli
1142 2261 1168 2304 e.
1195 2241 1237 2322 9),
1263 2237 1331 2302 όταν

157 2356 196 2428 τῷ
220 2341 299 2427 αότῶ
323 2342 359 2407 τά
382 2340 494 2408 ἐναντία
517 2343 536 2429 ἢ
560 2356 600 2428 τήν
624 2343 741 2427 ἐναντίῳ
765 2343 801 2407 τά
825 2341 900 2406 αὐτὰ
923 2342 942 2429 ἢ
966 2355 1027 2416 τοῖς
1050 2343 1188 2418 ἐναντίοις
1214 2344 1327 2409 ἐναντία

157 2453 449 2538 προκατηγορηθείη,
473 2463 665 2537 τοσαυταχῶς
688 2457 745 2535 γὰρ
776 2450 903 2537 ἐγχωρεῖ
933 2454 1144 2538 συζευχθῆναι,
1168 2450 1275 2516 τοότῶν
1298 2454 1330 2515 δὲ

157 2562 190 2622 τό
220 2562 272 2644 μὲν
301 2557 365 2621 ἴσον
394 2562 447 2621 καί
476 2556 508 2621 τὸ
538 2557 639 2644 ὅμοιον
664 2559 829 2633 παιδιῶδες,
863 2561 1032 2641 καθαπερεί
1054 2564 1168 2645 ποίημα
1193 2560 1331 2637 [arridei

158 2667 344 2731 Marklandi
367 2667 506 2750 παῖγμα],
530 2666 574 2728 διὸ
597 2669 650 2729 καί
673 2664 757 2753 ήττον
781 2664 917 2749 ἁρμόττει
932 2676 967 2748 τή
983 2667 1105 2750 σπουδή.
1130 2670 1260 2753 φαίνεται
1274 2671 1330 2750 γάρ

158 2770 296 2856 ἀπρεπές,
326 2771 526 2844 σπουδάζοντα
558 2782 619 2845 τοῖς
648 2777 801 2856 πράγμασι
833 2782 894 2843 τοῖς
925 2770 1047 2857 ὀνόμασι
1078 2777 1187 2844 παίζειν
1218 2776 1270 2835 καί
1299 2777 1332 2835 τό

157 2881 259 2952 πάθος
290 2889 327 2963 πή
357 2878 434 2951 λέξει
461 2889 627 2962 περιαιρεῖν,
675 2876 772 2942 έκλόει
802 2884 857 2961 γὰρ
888 2876 936 2941 τὸν
966 2879 1131 2965 ἀκροατήν·
1163 2877 1222 2943 οἷον
1252 2876 1331 2952 ὡςό

158 2984 275 3059 Λυσίας
299 2983 329 3049 ἐν
351 2997 387 3070 τη
412 2996 461 3050 τοῶ
485 2984 593 3049 Νικίου
618 2983 763 3069 ἀπολογία
787 2984 968 3071 βουλόμενος
990 2985 1201 3051 ἐλεονποιεῖν·

288 3091 396 3156 Κλαίῶ
426 3096 473 3156 τὸν
496 3091 652 3179 ἀμάχητον
683 3096 734 3156 καί
757 3092 970 3179 ἀναυμάχητον
994 3091 1130 3177 ὀλεθρον,
1161 3090 1256 3157 ἱκέται
1279 3098 1330 3180 μὲν

120 3232 126 3241 ·
204 3197 285 3265 αότοί
309 3211 364 3264 τῶν
396 3202 476 3263 θεῶν
506 3203 688 3279 καθίζοντες,
722 3201 867 3284 προδότας
899 3200 930 3261 δέ
953 3211 1009 3261 τῶν
1033 3198 1129 3283 όρκῶν
1152 3198 1235 3286 ήμοῖς
1257 3200 1331 3264 ἀπο-

199 3307 359 3397 φαίνοντες,
383 3307 601 3380 ἀνακαλοῦντες
624 3314 798 3388 συγγένειαν,
822 3305 992 3393 εὐμένειαν,ι

155 3426 246 3480 ταῦτα
276 3421 333 3500 γὰρ
364 3412 389 3479 εἱ
420 3420 471 3501 μὲν
501 3426 541 3498 τῷ
573 3413 630 3477 ’όντι
654 3413 769 3487 Λυσίας
792 3415 911 3499 ἔγραψε,
936 3416 1059 3488 δικαίως
1081 3414 1117 3479 ἀν
1141 3413 1332 3501 ἐπιτιμήσεως

154 3521 271 3601 ἀξιοῖτο,
304 3527 553 3609 χαριεντιζόμενος
583 3520 612 3585 ἐν
641 3519 676 3585 oo
706 3526 835 3607 χαρίεντι
866 3534 970 3606 καιρῷ.
1016 3520 1040 3584 εί
1071 3524 1102 3585 δὲ
1134 3521 1234 3607 ἐτέρου
1258 3519 1332 3594 τινός

154 3627 228 3693 ἐστιν
253 3627 268 3693 ὁ
292 3631 390 3710 λόγος,
416 3627 513 3712 ὥσπερ
538 3626 622 3711 ἐστίν,
648 3625 664 3692 ὁ
687 3640 861 3714 κατηγορῶν
885 3631 904 3691 ἃ
928 3632 970 3713 μή
995 3641 1127 3715 προσήκε
1150 3639 1200 3692 τοῖν
1224 3628 1331 3718 ἀνδρὸς
1392 3701 1400 3708 ἱ

154 3742 360 3824 μεμπτότερος.
400 3734 442 3799 ὅτι
465 3736 497 3798 δέ
520 3731 576 3799 οόκ
598 3734 708 3817 ἔγραφε
733 3734 849 3807 Λυσίας
872 3739 919 3798 τὀν
943 3733 1014 3820 ὑπὲρ
1032 3733 1137 3798 Νικίου
1161 3738 1252 3816 λόγου
1269 3732 1329 3797 ουδ’

153 3844 229 3908 ἐστιν
261 3840 326 3908 οότε
357 3854 410 3930 της
440 3847 539 3929 ψυχῆς
569 3839 635 3905 οὔτε
664 3852 718 3927 τής
747 3842 856 3914 λέξεως
886 3840 1000 3930 ἐκείνης
1032 3844 1123 3929 [fori.
1149 3839 1276 3928 ἐκείνου]
1299 3845 1331 3905 τὸ

153 3956 288 4037 γράμμα,
323 3951 447 4023 πολλοῖς
480 3953 554 4012 πάνυ
589 3946 757 4034 τεκμηρίοις
792 3947 942 4021 ἀποδεῖξαι
977 3950 1136 4032 δυνάμενος
1174 3945 1229 4012 ουκ
1268 3948 1330 4034 ἐχιυ

153 4061 255 4141 καιρόν
279 4055 308 4120 ἐν
332 4069 372 4140 τῶ
395 4054 515 4139 παρόντι
538 4056 632 4139 λόγῳ·
659 4053 733 4118 ίδίαν
757 4056 789 4117 δὲ
811 4059 876 4138 περὶ
900 4065 949 4118 τοῦ
982 4054 1108 4142 ῥήτορος
1130 4055 1331 4141 πραγματείαν

154 4162 390 4248 συνταττόμενος,
422 4160 451 4225 ἐν
484 4160 504 4245 η
533 4162 569 4226 τά
603 4185 632 4224 τε
664 4162 743 4225 ἀλλα
779 4163 989 4248 δηλωθήσεταί
1020 4185 1069 4248 μοι
1092 4167 1144 4226 καί
1169 4168 1240 4235 τίνες
1264 4160 1332 4225 εἰσίν

154 4264 243 4332 αάτοῦ
273 4271 356 4349 λόγοι
379 4273 502 4354 γνήσιοι,
533 4272 584 4354 τήν
615 4266 765 4352 ἀκρίβειαν
790 4266 819 4331 ἐν
843 4265 963 4341 ἐκείνοις
986 4273 1039 4333 καί
1063 4273 1128 4354 περὶ
1151 4271 1234 4333 τοῖνδε
1257 4267 1332 4332 ἀπο-

154 4373 253 4438 δουναι
276 4378 453 4459 πειράσομαι
476 4383 525 4436 τοῦ
548 4374 647 4455 λόγου.
694 4375 789 4453 Quae
813 4376 961 4459 Dionysii
985 4377 1173 4441 testimonia
1207 4377 1331 4443 fuerint
