3100 4809
655 264 695 276 —
744 230 871 302 60.-

173 405 259 471 ubsit
283 427 303 471 a
328 427 436 487 versu,
461 410 592 490 tamen,
624 409 711 491 quod
743 408 912 472 incitatius
941 408 1068 471 feratur
1099 410 1133 471 et
1156 408 1346 472 clarissimis

174 514 347 577 verborum
372 515 551 579 luminibus
577 518 708 589 utatur,
739 515 850 597 potius
882 535 1001 598 poema
1033 517 1219 599 putandum
1245 536 1345 597 quam

172 621 405 702 comicorum*)
429 626 622 705 poetarum3
648 623 739 705 apud
763 643 857 704 quos,
883 623 944 685 nisi
969 623 1058 704 quod
1080 623 1233 686 versiculi
1257 623 1345 702 sunt,

171 728 252 791 nihil
285 730 336 792 est
366 729 456 792 aliud
477 730 642 793 cotidiani
675 729 831 793 dissimile
864 730 1037 792 sermonis
1084 728 1153 794 Nec
1177 732 1288 794 tamen
1314 730 1344 794 id
1397 777 1399 780 ψ

171 837 222 899 est
246 837 365 918 poetae
390 837 588 917 maximum,
619 837 679 900 etsi
712 838 762 900 est
787 856 826 900 eo
850 835 1057 913 laudabilior,
1093 837 1182 917 quod
1205 836 1344 900 virtutes

170 944 309 1006 oratoris
333 944 554 1026 persequitur,
587 964 688 1026 quum
714 964 813 1007 versu
843 943 884 1006 sit
909 942 1081 1007 astrictior.
1128 943 1197 1024 Ego
1221 944 1343 1018 autern,

171 1050 300 1114 etiarnsi
339 1051 549 1133 quorundam
590 1051 722 1131 grandis
758 1052 791 1114 et
826 1052 945 1114 ornata
981 1070 1045 1113 vox
1078 1053 1129 1114 est
1157 1052 1343 1133 poetarum,

81 1186 85 1198 ι
170 1158 284 1220 tamen
315 1156 348 1218 in
373 1176 413 1220 ea
438 1176 540 1238 quum
565 1157 730 1221 licentiam
764 1157 877 1220 statuo
901 1156 1059 1220 maiorem
1084 1177 1158 1221 esse
1183 1177 1286 1239 quam
1308 1155 1343 1219 in

170 1263 265 1326 nohis
300 1262 526 1327 faciendorum
562 1264 874 1345 iungendorumque
909 1264 1106 1332 verborum.
1141 1265 1211 1327 tum
1243 1264 1343 1326 etiarn

169 1370 407 1434 nonnullorum
431 1371 603 1435 voluntate
627 1372 765 1434 vocibus
783 1371 888 1451 magis
906 1391 1006 1453 quam
1023 1371 1124 1434 rebus
1146 1371 1342 1435 inserviunt.

78 1527 82 1535 .
168 1477 236 1543 Nec
270 1497 359 1549 vero,
398 1478 422 1540 si
459 1479 536 1560 quid
570 1481 620 1543 est
653 1498 756 1541 unum
788 1478 874 1541 inter
898 1498 955 1541 eos
979 1477 1082 1541 simile
1109 1513 1148 1522 —-
1173 1478 1205 1540 id
1229 1479 1342 1543 autern

170 1588 220 1649 est
250 1586 404 1649 iudicium
432 1587 615 1667 electioque
638 1587 814 1649 verborum
850 1584 1044 1669 [Dionysius
1069 1585 1342 1668 compositio·

169 1711 258 1755 nem
293 1713 426 1775 queque
459 1692 544 1777 vult]
571 1728 625 1770 --,
662 1696 841 1775 propterea
877 1695 1065 1755 ceterarum
1107 1712 1218 1756 rerum
1252 1692 1343 1756 dissi-

168 1799 318 1863 militudo
349 1799 495 1880 intellegi
526 1819 594 1862 non
618 1800 744 1883 potest;
777 1800 834 1862 sed
869 1799 899 1861 id
925 1819 988 1863 nec
1011 1799 1149 1862 dubium
1173 1801 1224 1863 est
1247 1802 1291 1877 et,
1315 1800 1342 1863 si

168 1906 248 1988 quid
272 1907 375 1971 habet
399 1908 615 1990 quaestionis,
648 1907 710 1970 hoc
745 1910 856 1970 lamen
881 1907 921 1970 ad
947 1907 989 1986 id,
1022 1907 1110 1990 quod
1134 1907 1342 1991 propositum

169 2014 230 2086 est,
254 2033 322 2077 non
349 2017 400 2077 est
425 2016 675 2079 necessarium}
883 2014 892 2030 '

255 2121 303 2185 De
327 2124 496 2186 oratorum
521 2125 554 2187 et
577 2124 751 2205 poetarum
778 2123 907 2185 ratione
931 2122 977 2185 ita
1009 2122 1214 2203 disputatum
1238 2119 1340 2184 tuisse

166 2228 307 2309 videtur,
332 2231 367 2292 ut
393 2230 498 2299 alteri,
522 2229 613 2293 velut
630 2230 754 2306 Cicero,
780 2230 841 2293 etsi
866 2228 1111 2292 similitudinem
1135 2228 1340 2291 intercedere

167 2355 235 2398 nou
259 2337 433 2415 negarent,
459 2338 572 2400 lamen
597 2336 737 2399 oratoris
763 2335 984 2399 elocutionem
1009 2355 1028 2398 a
1052 2335 1153 2417 poeto
1185 2334 1341 2414 seiunge·

166 2444 251 2522 rent,
288 2442 383 2506 alteri
419 2443 555 2506 nimiam
592 2443 839 2506 similitudinem
871 2463 945 2506 esse
971 2442 1111 2516 vellent;
1147 2442 1179 2504 in
1204 2441 1255 2504 his
1280 2440 1340 2503 suit

166 2549 355 2631 Dionysius,
387 2550 443 2631 qui
473 2550 599 2633 primus
623 2549 767 2615 fortasse
792 2549 958 2632 quaesivit
981 2569 1143 2627 seorsum,
1175 2548 1341 2631 quomodo

165 2658 199 2721 in
216 2655 361 2720 verbis
375 2676 420 2720 co
431 2677 461 2719 rn
472 2677 610 2740 ponen
621 2657 810 2721 disorator
826 2659 959 2739 poetae,
977 2658 1076 2739 poeta
1091 2656 1214 2720 oratori
1227 2655 1340 2719 similis

166 2766 264 2829 esset.
302 2763 367 2827 Sed
392 2783 477 2846 quae
501 2765 627 2846 profert
651 2765 716 2828 iam
743 2767 839 2827 erant
862 2763 894 2826 in
913 2763 1123 2848 superiorum
1139 2764 1340 2847 praeceptio.

255 2906 458 2984 Quaestione
498 2908 563 2971 iam
603 2908 758 2971 absoluta
791 2907 998 2970 adversarios
1037 2906 1245 2990 perstringit,
1285 2906 1348 2993 qui¹

165 3013 304 3076 huiusce
339 3014 427 3076 modi
457 3014 698 3097 disputationes
730 3015 887 3077 minutias
913 3015 1075 3077 ducerent
1106 3014 1282 3095 poetarum
1306 3015 1339 3076 et

166 3121 336 3184 oratorum
361 3120 472 3184 divino
488 3121 621 3202 ingenio
638 3120 802 3201 indignas
841 3121 910 3184 Nec
927 3121 1097 3200 miramur,
1123 3121 1148 3182 si
1166 3120 1338 3184 rhetorum

165 3226 337 3309 disciplina
351 3228 393 3291 ad
409 3229 609 3292 immensum
621 3228 829 3292 increscente
846 3248 913 3292 non
931 3228 1037 3291 solum
1054 3228 1200 3308 fuerunt,
1220 3226 1286 3309 qui,
1304 3228 1340 3290 ut

163 3333 325 3417 Epicurei,
338 3337 593 3417 praeceptorum
606 3336 738 3399 fastidio
753 3336 953 3415 elegantiam
967 3335 1117 3398 dictionis
1131 3336 1340 3416 respuerent.

162 3442 221 3505 sed
241 3442 340 3506 etiam
364 3442 419 3524 qui
436 3443 587 3507 rhetores
604 3443 705 3508 nimio
722 3444 831 3507 studio
849 3463 944 3506 suam
963 3444 1069 3506 artem
1086 3462 1252 3523 nusquam
1271 3461 1338 3504 non

163 3550 326 3614 iactantes
350 3550 437 3613 intra
463 3551 674 3631 angustiores
697 3553 781 3615 fines
805 3551 955 3631 redigere
980 3552 1193 3632 conarentur.

206 3675 212 3682 ·
254 3657 340 3720 Sunt
377 3659 492 3721 autem
532 3658 678 3741 Dionysii
719 3659 821 3722 verba
862 3659 903 3721 de
944 3677 1049 3740 comp.
1091 3678 1122 3738 p.
1148 3657 1213 3720 400
1253 3655 1338 3718 Seh:

162 3758 335 3848 Ὑροριῑιμαί
351 3784 413 3826 τινα
428 3767 501 3847 πρὸς
519 3774 610 3828 ταῦτα
632 3764 875 3849 καταδρορκὶρ**)
898 3761 1074 3846 ἀνθρώπων,
1097 3771 1151 3847 τῆς
1173 3764 1225 3844 μὲν
1249 3758 1338 3841 ἐγκο-

162 3868 246 3931 κλίοο
277 3870 410 3943 παιδείας
440 3870 519 3953 [hac
555 3874 588 3934 et
618 3872 693 3935 alibi
718 3873 891 3955 gloriatur]
918 3868 1054 3953 ἀπείρων,
1087 3871 1119 3931 τὸ
1143 3867 1176 3929 δὲ
1200 3866 1339 3951 ἀγοραῖον

161 3985 213 4059 τῆς
236 3972 392 4062 ῥητορικῆς
416 3982 506 4062 μέρος
528 3974 598 4041 ὁδοῦ
621 3981 724 4041 τεκαὶ
747 3983 853 4064 τέχνης
876 3981 970 4063 χωρὶς
992 3973 1226 4062 ἐπιτρδεοόντων.
1265 3979 1359 4059 πρὸς,

253 4121 279 4187 *)
299 4122 326 4174 in
353 4122 404 4175 illis
424 4120 579 4191 ,nonnullis‘
598 4120 808 4191 Theophrastus
834 4122 892 4191 ipse
916 4122 974 4175 sive
1002 4120 1187 4191 Theophrasti
1213 4120 1338 4190 discipuli

164 4210 249 4265 latere
268 4211 406 4274 ridentum
426 4212 612 4279 disputaverat
630 4212 673 4265 illc
692 4213 725 4264 de
743 4211 908 4265 comicorum
928 4212 1041 4267 ratione.

251 4299 292 4364 **)
311 4300 409 4353 librum
430 4300 583 4369 composuit
602 4303 662 4370 πρὸς
681 4302 739 4364 τοὺς
758 4303 1030 4374 κατατρέχοντας
1048 4309 1096 4374 τῆς
1116 4300 1245 4373 πολιτικῆς
1265 4297 1337 4371 φιλο-

161 4386 251 4461 σοφίας
270 4387 314 4454 (ε
332 4394 380 4460 τῆς
400 4387 559 4461 ῥητορικῆς).
