3100 4809
697 220 913 286 ..91..

214 401 326 482 ομένων
349 393 575 483 ὲπιστατησοντα
598 398 656 461 δεῖν
679 401 729 461 καὶ
754 398 957 485 δημηγορικὴν
971 395 1236 484 κα<τα>κεχὺσθαι
1252 399 1391 487 (κα<τεγ>

214 505 366 589 κεχὺσθαι
405 506 456 570 ed.
495 504 613 589 Neap.)
643 505 718 577 λέξιν
756 509 810 568 καὶ
848 509 889 590 μὴ
924 508 976 591 τὴν
1014 502 1171 591 ἐπιδὶμριον
1209 509 1261 569 καὶ
1294 526 1389 569 κατα-

215 606 424 694 ψιθυρίζοοσαν
454 614 502 674 τὸν
533 609 638 693 λόγον·
670 609 768 698 ὅμοιον
791 622 859 693 γοῦν
882 609 953 676 εἶναι
976 623 1016 694 τῷ
1039 611 1113 674 δασὺ
1136 616 1188 674 καὶ
1211 617 1287 697 μέγα
1309 634 1390 696 περι-

214 719 339 803 θέμενον
354 716 511 801 πρόσωπον
525 718 640 782 παιδίου
657 722 755 806 φωνὴν
772 718 886 806 ἀφιέναι
908 719 998 806 <καὶ>
1021 721 1052 781 τὸ
1077 729 1137 789 τοῖς
1150 715 1296 805 ’Ἕλλησιν
1312 740 1388 803 σομ-

213 822 389 907 βουλεύοντα
411 821 463 887 καὶ
485 823 611 910 πλάσμα
635 829 686 889 καὶ
709 830 761 912 τὴν
784 826 880 913 ἄλλην
902 829 1091 911 κατασκευὴν
1115 825 1285 911 δημηγόρου
1307 846 1389 909 περι-

213 933 395 1015 βαλλόμενον
419 930 462 994 ἐπ’
487 932 675 1013 ἀναγνώσεσιν
699 933 804 1006 παιδὸς
827 937 925 1019 φωνὴν
948 931 1184 1015 ἀποδεδρακέναι
1212 938 1285 1019 μήτε
1308 930 1389 995 τόνον

214 1044 286 1125 μήτε
310 1041 409 1110 πάθος
433 1042 509 1126 μηθ’
534 1036 683 1124 ὑπόκρισιν
707 1040 868 1126 δυναμένου
893 1044 998 1125 φέρειν.

303 1181 480 1265 Dionysius
505 1180 695 1267 Hieronymi
721 1185 824 1248 verba
848 1185 880 1247 in
898 1185 1054 1247 artiorem
1077 1183 1238 1246 ambitum
1262 1183 1389 1265 redegit

212 1290 312 1371 idque
328 1289 486 1354 indicavit
500 1292 610 1355 verbis
624 1287 772 1368 ,καθόλου
788 1291 821 1353 δέ
836 1296 944 1377 φησιν’,
969 1291 1150 1374 pleniorem
1172 1290 1281 1354 locum
1299 1290 1388 1353 dedit

213 1394 439 1460 Philodemus
488 1397 612 1461 Ordine
637 1418 704 1461 non
731 1398 812 1461 nihil
829 1399 1004 1462 immutato
1029 1417 1068 1461 ex
1093 1397 1252 1461 memoria
1276 1396 1388 1460 Hiero·

216 1504 303 1586 nymi
334 1503 444 1566 locum
481 1524 537 1567 eos
569 1505 701 1567 dedisse
733 1505 868 1575 credas,
894 1505 951 1569 sed
984 1507 1063 1568 sunt
1093 1503 1269 1585 quaedam,
1299 1522 1386 1585 quae

214 1610 384 1673 oculorum
410 1611 468 1673 aut
493 1611 623 1673 aurium
641 1631 787 1675 errorem
803 1612 945 1694 prodere
962 1611 1157 1675 videantur:
1181 1609 1388 1693 παραιτεῖσθαι

214 1720 246 1780 et
269 1718 441 1798 παρεῖσθαι,
465 1721 646 1801 κεκραμένον
670 1720 702 1781 el
725 1717 938 1801 κεκλασμένον,
961 1713 1119 1780 ὑπόθεσεσι
1143 1721 1175 1782 et
1202 1712 1387 1799 inspirasset,

212 1819 439 1908 ὑπερβεβηκέναι
464 1826 496 1888 et
519 1821 762 1910 ἀποβεβληκέναι,
787 1822 934 1908 ἐπάραντα
951 1828 983 1888 et
999 1821 1163 1906 ἐπαίροντα.
1196 1822 1387 1904 Composita

213 1934 262 1994 est
287 1930 476 2014 Hieronymi
503 1932 643 1995 elocutio
669 1931 757 2014 apud
783 1931 987 2014 Dionysium,
1011 1930 1144 1994 horrida
1169 1928 1259 2012 apud
1279 1928 1386 1991 Philo·

212 2037 356 2117 demum‚
380 2058 442 2101 nec
475 2039 630 2103 convenit
662 2038 846 2103 Philodami
878 2034 1149 2121 κεκλασμένον*),
1181 2055 1243 2099 nec
1275 2037 1386 2116 τὸγὰρ

211 2147 342 2228 μέγιστον
365 2146 417 2206 καὶ
439 2149 662 2230 κινητικώτατον
693 2147 857 2228 παρεῖσθαι
879 2155 934 2208 τῶν
957 2143 1067 2230 ὄχλων,
1104 2144 1130 2206 si
1156 2144 1250 2207 deest
1274 2144 1305 2202 τὸ
1334 2161 1386 2202 πα-

210 2251 334 2335 θητικὸν
349 2253 401 2313 καὶ
413 2249 563 2335 έμψυχον;
589 2254 625 2315 ut
641 2252 821 2332 integriora
838 2253 1171 2317 Halicarnassensem
1193 2248 1386 2330 Hieronymi

210 2358 313 2421 verba
337 2357 466 2422 dedisse
491 2378 699 2424 censeamus,
746 2359 869 2423 Prioris
902 2360 1004 2443 partis
1036 2359 1217 2440 genuinam
1242 2355 1385 2419 formam

210 2466 384 2529 restituere
409 2467 549 2529 conatus
574 2465 624 2530 est
647 2466 749 2530 Hitler
772 2468 791 2532 l.
818 2488 843 2533 c.
869 2489 898 2549 p.
926 2469 997 2531 114.

300 2608 366 2671 Sed
390 2628 457 2672 non
490 2611 539 2673 est
571 2609 662 2673 locus
696 2610 831 2674 hac¹de
863 2632 898 2675 re
931 2612 1120 2676 accuratius
1151 2608 1384 2690 investigandi.

209 2714 280 2779 Hoc
305 2717 415 2779 autem
442 2736 481 2778 ex
505 2717 636 2780 duobus
661 2738 744 2799 quos
770 2720 910 2803 apposui
935 2720 1024 2783 locos
1050 2719 1167 2797 elucet,
1201 2716 1385 2780 Philoni·

210 2842 299 2885 cum
325 2824 357 2885 et
380 2822 691 2905 Hieronymum
715 2824 860 2908 Dionysii
884 2827 1004 2889 iudicio
1028 2846 1191 2890 summam
1215 2845 1328 2889 rerum
1352 2826 1385 2888 et

210 2927 321 3009 aliqua
347 2930 503 3009 exparte
528 2929 632 2992 verba
656 2948 790 3012 quoque
813 2934 1018 3014 praebuisse.
1058 2993 1065 3003 ,

300 3069 347 3132 De
372 3067 608 3132 Philonieo
633 3069 806 3137 dialectico
830 3074 848 3136 i.
874 3095 902 3138 e.
928 3076 1049 3150 Stoic0,
1074 3075 1383 3157 quemlsocraleae

209 3175 403 3239 elocutionis
427 3175 566 3238 virtutes
592 3177 624 3238 et
648 3175 727 3238 vitia
752 3180 959 3243 examinasse
984 3182 1146 3258 videmus,
1171 3180 1251 3243 nihil
1274 3180 1383 3244 habeo

209 3281 298 3363 quod
323 3281 453 3346 addam.

298 3424 344 3486 lle
377 3423 639 3508 Hieronymo
672 3427 768 3510 plura
794 3431 908 3493 narrat
925 3430 1038 3494 Cicero
1063 3436 1145 3496 orat.
1173 3436 1224 3509 56,
1238 3435 1298 3498 189
1317 3455 1382 3516 sq.:

208 3529 428 3608 ,inculcamus
463 3535 575 3596 autem
605 3554 665 3617 per
698 3535 955 3618 imprudentiam
993 3558 1095 3621 saepe
1134 3540 1235 3604 eliam
1273 3541 1383 3605 minus

209 3637 356 3717 usitatos
381 3640 439 3702 sed
466 3641 577 3705 tamen
604 3661 738 3716 versus;
771 3643 925 3707 vitiosum
950 3664 1056 3725 genus
1088 3649 1120 3710 et
1150 3647 1249 3728 longa
1281 3648 1382 3711 animi

205 3745 395 3827 provisione
420 3747 624 3828 fugiendum.
657 3748 761 3829 Elegit
782 3769 821 3813 ex
846 3750 957 3815 multis
974 3752 1109 3816 Isocrati
1133 3753 1224 3818 libris
1249 3755 1383 3835 triginta

206 3852 348 3916 fortasse
373 3873 489 3917 versus
514 3854 739 3937 Hieronymus
770 3854 1014 3940 Peripateticus
1048 3859 1081 3923 in
1113 3862 1226 3943 primis
1251 3862 1380 3940 nobilis,

204 3959 382 4041 plerosque
399 3961 561 4038 senarius,
578 3963 635 4025 sed
655 3963 755 4026 eliam
770 3968 993 4048 anapaestos;
1011 3986 1078 4048 quo
1088 3967 1166 4049 quid
1179 3970 1289 4051 polest
1308 3989 1381 4034 esse

206 4065 360 4146 turpius?
385 4066 453 4129 Etsi
477 4067 510 4129 in
538 4067 688 4148 eligendo
706 4070 783 4134 lecit
809 4072 988 4137 malitiose:
1012 4075 1120 4156 prima
1138 4075 1226 4139 enim
1251 4076 1381 4160 syllaba

294 4280 320 4347 *)
337 4279 479 4350 κεκραμένη
497 4276 579 4351 ἡδονὴ
594 4281 704 4351 Dionys.
718 4288 769 4337 ret.
789 4301 861 4339 cens.
875 4304 901 4356 p.
914 4285 967 4340 432
979 4286 1012 4357 R,
1032 4293 1059 4342 et
1075 4288 1154 4352 alibi;
1176 4289 1209 4343 de
1229 4290 1304 4343 isaeo
1323 4291 1379 4345 iud.

203 4385 226 4421 c.
245 4386 272 4438 p.
292 4368 344 4423 591
363 4368 484 4441 μίγματα.
