3100 4809
709 263 927 341 -2'7-

226 455 305 519 cidis
336 455 446 519 verbis
477 454 559 519 nihil
587 474 623 518 se
662 454 889 538 superioribus
922 452 1044 516 debere
1081 472 1147 516 non
1184 454 1287 517 semel
1325 473 1402 536 pro·

224 562 368 627 titeatur.
415 561 507 627 Solet
541 560 861 635 HalicarnassensiS,
892 560 919 622 si
949 559 1028 640 quid
1060 560 1152 638 novi,
1186 560 1212 623 si
1240 561 1319 640 quid
1351 581 1402 625 re·

226 668 413 733 conditioris
431 669 591 734 scientiae
608 669 761 752 promere
778 668 840 731 sibi
856 667 996 741 ridetur,
1020 688 1056 730 sc
1074 667 1215 749 primum
1231 668 1262 731 id
1282 668 1402 745 lacere,

227 794 292 838 non
325 796 345 839 a
379 772 543 859 prioribus
576 775 744 858 accepisse
769 776 885 858 aperte
909 773 1036 844 dicere,
1061 773 1179 837 similia
1211 776 1290 839 sunt
1313 793 1402 854 quae

227 882 269 946 de
293 884 445 946 veterum
478 882 675 965 scriptorum
708 881 867 961 dignitate
898 879 1025 963 (pali-0
1049 880 1094 956 R)
1125 881 1305 964 praefatur.
1363 881 1404 945 Et

227 988 323 1053 facile
360 989 483 1069 largiar
519 988 676 1071 Dionysio
711 981 920 1070 superiorum
957 987 1127 1050 rhetorum
1162 987 1305 1051 fortasse
1345 1007 1403 1051 ne·

227 1094 351 1158 minem
368 1114 484 1158 omnes
501 1097 615 1178 parles
633 1094 712 1157 arlis
730 1094 977 1176 compositionis
996 1094 1040 1159 itu
1065 1093 1260 1176 explevisse.
1286 1113 1402 1175 quem·

228 1200 409 1264 admodum
433 1201 504 1285 ipse
529 1201 598 1266 vult
621 1201 776 1283 idemque
801 1200 947 1264 concedo
972 1202 1089 1280 exigua
1115 1220 1189 1264 esse
1213 1200 1401 1265 Stoicorum

228 1306 259 1372 in
285 1306 349 1371 hac
373 1307 545 1372 doctrinae
581 1310 676 1391 parte
700 1308 828 1387 merita,
864 1307 920 1371 sed
946 1308 1081 1370 onriiino
1107 1307 1186 1370 nihil
1211 1308 1402 1390 superiores

227 1432 341 1478 earum
373 1434 483 1498 rerum
515 1415 667 1481 edidisse.
699 1434 787 1496 quae
819 1413 885 1478 buc
908 1414 1125 1497 pertinerent,
1159 1413 1280 1495 quibus
1305 1414 1400 1495 quasi

226 1520 453 1586 fundamentis
484 1521 641 1604 Dionysio
673 1521 860 1586 aedilicium
885 1521 1204 1600 exstruereliceret,
1235 1521 1307 1601 quis
1332 1520 1401 1584 veri

225 1625 330 1691 simile
347 1627 467 1693 ducet?
491 1607 632 1700 Nihilne,
649 1628 853 1708 quaerimus,
870 1649 910 1691 ex
926 1627 1081 1691 isocratis
1098 1628 1401 1711 discipulorumque

225 1733 352 1797 artibus
376 1736 528 1817 repetere
545 1735 677 1818 potuit?
701 1735 788 1798 Nihil
813 1755 853 1798 cx
872 1734 1059 1813 Aristotele,
1085 1735 1140 1816 qui
1165 1735 1206 1798 de
1223 1753 1401 1797 numerosa

226 1840 376 1904 oratione
411 1842 490 1905 satis
526 1842 659 1925 captiose
689 1836 860 1924 disputat?
895 1841 980 1904 Nihil
1007 1862 1046 1905 ex
1070 1841 1315 1924 Theophrasto.
1346 1840 1401 1921 qni

163 1984 168 1993 ·
228 1966 344 2010 omnes
385 1947 597 2029 eloquentiae
635 1952 748 2032 partes
780 1948 970 2029 diligentius
1010 1949 1175 2012 excoluit?
1236 1947 1322 2011 Nihil
1362 1967 1402 2009 ex

227 2054 431 2132 auctoribus
456 2073 540 2135 qtros
565 2058 701 2119 secutus
726 2056 777 2119 est
800 2055 994 2118 Cornificius
1019 2059 1052 2120 et
1075 2055 1214 2119 Cicero?
1241 2054 1332 2123 ,nihil
1363 2073 1402 2117 ex

225 2143 393 2224 Ciceronis
424 2160 528 2243 ipsius
559 2161 863 2244 disputationibus?
901 2162 1012 2226 Vacua
1030 2161 1127 2241 igilur
1150 2162 1200 2225 vix
1218 2162 1401 2224 obvenerat

226 2267 397 2350 provincia
425 2268 598 2351 ltionysi03
632 2270 753 2351 quibus
779 2269 809 2333 in
835 2269 936 2332 rebus
961 2270 1073 2331 autem
1099 2268 1237 2331 aliorum
1263 2268 1401 2347 vestigia

225 2367 393 2456 presserit,
417 2360 493 2458 post
516 2375 655 2458 paulurn
680 2376 791 2458 quoad
814 2376 997 2459 poterimus
1023 2361 1285 2464 explanabimus,

316 2481 513 2564 Postquam,
539 2502 625 2565 quae
641 2483 723 2547 ratio
742 2486 849 2564 ipsum
867 2483 953 2546 inter
977 2483 1009 2546 ct
1025 2483 1153 2564 priores
1172 2481 1400 2559 intercederet,

226 2588 387 2671 exposuit,
412 2589 700 2664 narratiunculam
731 2588 911 2665 subnectit,
943 2608 1009 2670 qua
1041 2588 1206 2669 quomodo
1235 2588 1305 2672 ipse
1340 2608 1400 2670 per

226 2675 387 2775 ambages
419 2695 563 2760 naturali
593 2697 770 2760 verborum
805 2696 920 2759 ordine
951 2695 1065 2759 relicto
1091 2695 1133 2758 ad
1157 2696 1282 2758 rectam
1308 2694 1395 2757 viam

226 2801 412 2882 pervenerit
436 2799 531 2865 nobis
556 2803 678 2885 prodit,
710 2803 751 2866 de
776 2822 884 2885 comp.
908 2823 939 2884 p.
960 2804 1000 2865 il
1024 2820 1115 2883 sqq.:
1146 2797 1263 2862 Ἐδόκει
1286 2796 1322 2885 δή
1346 2822 1396 2884 μοι

223 2915 259 2990 τη
283 2908 366 2993 ρὺαει
388 2906 516 2992 μάλιστα
539 2904 621 2992 ἡμᾶς
643 2906 803 2994 ἑπομένους
826 2904 901 2971 οὔτω
925 2907 983 2969 δεῖν
1006 2904 1156 2991 ἁρμόττειν
1179 2909 1215 2968 τὰ
1239 2909 1327 2989 μόρια
1351 2916 1400 2969 τοῦ

224 3014 322 3094 λόγου,
347 3009 389 3085 ὡς
404 3009 500 3100 ἐκείνη
516 3014 659 3095 pellan.
684 3010 790 3079 adrian
807 3019 842 3078 τό,
858 3011 987 3099 ὀνόματα
1004 3011 1136 3099 ἡγοόμην
1153 3017 1259 3075 τάττειν
1274 3009 1330 3095 πρὸ
1346 3023 1401 3075 των

224 3112 362 3204 ῥημάτων
379 3169 490 3188 .....
507 3169 515 3194 ,
539 3125 575 3183 τὰ
598 3117 717 3207 ῥήματα
740 3127 867 3205 πρότερα
883 3126 990 3183 τάττειν
1006 3131 1060 3182 των
1076 3117 1280 3205 ἐπιρρημάτων
1296 3121 1359 3181 κτλ,

314 3226 407 3291 Haec
444 3230 484 3291 ad
521 3228 611 3309 leges
647 3229 726 3293 artis
762 3228 888 3309 logicae
920 3228 1124 3310 respondent
1155 3230 1188 3291 et
1212 3228 1398 3319 Stoicorum

224 3330 375 3397 redolent
409 3333 633 3418 disciplinam3
670 3354 876 3418 quamquam
911 3334 988 3398 iltud
1014 3330 1110 3395 ἐδόκει
1147 3356 1196 3418 μοι
1230 3334 1263 3397 in
1288 3334 1398 3397 fronte

223 3439 342 3521 posuit.
388 3440 488 3505 Addit
520 3442 607 3506 enirn
640 3443 709 3524 ipse
730 3463 762 3525 p.
780 3443 839 3505 84:
865 3438 920 3503 Διὰ
944 3442 1052 3511 ταυτας
1079 3443 1131 3524 μὲν
1159 3440 1195 3525 δη
1224 3445 1276 3511 τὰς
1305 3434 1399 3511 αἰτίας

223 3555 276 3630 της
306 3547 436 3629 θεωρίας
464 3534 595 3633 Ιότπέοτην
625 3551 683 3629 (sc.
714 3557 750 3631 τη
783 3550 866 3634 pstea
897 3544 1058 3630 ἑπομένους
1080 3544 1161 3632 ἡμᾶς
1188 3545 1340 3631 ἁρμόττειν
1362 3548 1399 3607 τὰ

223 3648 312 3737 μόρια
333 3661 383 3715 τοῦ
406 3654 520 3734 λόγου).
552 3650 704 3739 ἐμνήσθην
727 3653 759 3716 δὲ
783 3650 875 3716 αδτων
891 3658 943 3716 καὶ
958 3662 1005 3716 νῦν
1021 3649 1078 3739 οὐχ
1094 3651 1136 3726 ὡς
1151 3653 1282 3739 σπουδῆς
1297 3651 1398 3723 ἀξίων·

224 3762 296 3821 καὶ
318 3755 385 3831 τὰς
409 3758 664 3831 διαλεκτικὰς
688 3760 984 3845 [Stoicorum!]
1006 3757 1235 3845 παρεθέμην
1259 3756 1399 3844 τέχνας

223 3859 281 3949 obp(
304 3860 345 3936 ὡς
367 3863 547 3948 ἀναγκαίας,
572 3865 640 3930 ἀλλ’
662 3864 711 3930 ἵνα
732 3867 836 3954 μηδεὶς
866 3867 962 3930 δοκῶν
984 3866 1063 3953 ἐχειν
1086 3890 1111 3929 τι
1135 3863 1226 3938 αὑτὰς
1249 3870 1399 3951 χρήσιμον

222 3965 264 4044 εἰς
286 3974 338 4057 την
366 3982 516 4057 παροῦσαν
539 3970 678 4056 θεωρῖαν,
703 3977 768 4057 περὶ
790 3975 902 4038 πολλου
925 3984 1042 4060 ποιηται
1065 3970 1211 4058 ettamen
1236 3973 1399 4059 θηρευθεὶς

221 4085 284 4150 ταῖς
308 4075 482 4167 ἐπηραιραῐς
505 4090 560 4143 των
575 4091 782 4165 πραγματειῶν
797 4077 954 4167 ὁμοιότητά
969 4101 1031 4142 τινα
1048 4075 1187 4165 ἐχούσαις
1208 4076 1259 4142 καὶ
1274 4089 1310 4162 τη
1326 4079 1398 4161 δόξη

223 4194 279 4248 τῶν
301 4184 523 4272 συνταξαμένων
547 4182 647 4259 αι’)τάς.

313 4347 338 4412 *)
355 4363 411 4400 που
430 4353 495 4415 erat,
515 4363 564 4400 cur
582 4352 712 4401 avocaret
731 4364 747 4399 a
766 4346 993 4416 pbilosophorum
1012 4346 1103 4409 libris,
1133 4362 1211 4413 ,quos
1238 4360 1319 4408 nemo
1338 4325 1396 4408 rbe-

221 4438 313 4492 torum
331 4436 446 4492 istorum
464 4435 560 4509 attigit‘
578 4437 642 4502 (Cic.
662 4436 696 4490 de
714 4452 754 4489 or.
775 4435 812 4490 ΙΙΙ
830 4435 873 4499 21,
889 4435 943 4498 81).
