3100 4809
653 296 869 396 Τεθ-

172 471 315 555 plurima
340 472 460 555 quibus
484 473 636 539 rhetores
661 494 696 538 se
720 475 886 538 iactarent
910 475 972 539 sibi
987 476 1245 558 vindicantibus,
1270 478 1346 543 rhe-

173 578 300 643 toribus
330 582 367 645 ut
394 601 456 645 sua
486 580 673 645 tutantibus
707 581 916 664 multumque
947 582 1137 648 haedere
1166 585 1199 648 in
1223 586 1345 650 scholis

172 685 378 768 disputatum
403 689 474 752 erat
498 708 572 751 cum
597 689 645 752 ira
670 689 703 754 et
726 688 835 752 studio
869 686 923 768 (de
948 709 994 754 or.
1019 691 1032 752 l
1056 710 1084 755 c.
1110 693 1149 755 10
1168 694 1200 756 et
1219 695 1270 760 lt.
1296 714 1343 757 or.

173 812 199 859 c.
225 795 291 870 32).
337 795 459 860 Invitat
487 816 540 860 res
572 796 613 859 de
644 796 708 860 hoc
738 796 917 859 certamine
942 800 976 861 et
1004 798 1046 863 de
1069 798 1346 883 philosophorum

171 900 286 964 studiis
318 902 491 968 rhetoricis
524 903 645 986 quibus
674 904 707 967 in
733 902 871 967 historia
895 904 928 967 et
952 904 1183 988 philosophiae
1208 908 1241 969 et
1266 907 1345 971 artis

172 1008 337 1073 oratoriae
361 1009 454 1073 loeus
478 1010 629 1087 debetur,
666 1010 762 1094 plura
795 1010 904 1073 dicere
931 1046 968 1055 —-
997 1011 1057 1094 hos
1087 1012 1248 1096 imprimis
1272 1012 1345 1075 dico

172 1114 261 1179 locos
285 1116 350 1179 Cir.
376 1115 417 1180 de
442 1137 488 1181 or.
513 1118 527 1181 Ι
551 1136 577 1181 c.
599 1120 736 1193 rev-13,
762 1136 790 1181 c.
818 1118 857 1182 18
882 1116 967 1198 §83,
990 1119 1035 1182 ΙΙΙ
1062 1138 1088 1183 c.
1107 1121 1145 1183 21
1174 1119 1269 1201 §813
1294 1139 1341 1182 or.

172 1241 200 1286 c.
225 1224 245 1287 3
269 1222 286 1305 ᾖ
312 1225 352 1289 12
377 1225 409 1288 et
436 1225 492 1306 133
517 1224 629 1301 Quint.
647 1223 706 1289 ΧΠ
723 1226 753 1301 2,
771 1226 813 1288 23
839 1259 889 1302 -,
914 1226 973 1288 sed
998 1245 1041 1289 ne
1065 1225 1196 1306 longius
1221 1247 1241 1289 a
1265 1246 1343 1308 pro-

171 1329 279 1394 vincia
302 1332 417 1395 nostra
441 1331 596 1395 recedam
613 1330 807 1408 Quintiliani
828 1330 937 1394 locum
955 1332 1107 1396 attulisse
1124 1333 1204 1395 satis
1221 1332 1344 1395 habeo.

172 1435 230 1500 Est
254 1436 352 1517 igitur
374 1437 433 1501 Xll
459 1439 488 1517 2,
507 1439 563 1500 245:
609 1438 743 1518 ‚Verum
768 1458 808 1501 ex
833 1437 895 1500 hoe
920 1437 986 1501 alia
1010 1439 1089 1501 mihi
1114 1439 1266 1521 quaestio
1291 1459 1346 1502 ex-

173 1543 286 1619 oritur,
319 1565 406 1627 quae
437 1547 560 1609 secta
591 1544 744 1608 conterre
776 1545 955 1627 plurimum
989 1545 1198 1628 eloquentiae
1222 1545 1345 1629 possit3

173 1630 378 1733 quamquam
402 1671 441 1715 ea
466 1671 532 1715 non
558 1651 644 1715 inter
668 1651 790 1715 multas
814 1652 1024 1733 potestesse
1049 1653 1228 1716 contentio.
1260 1651 1343 1714 Num

173 1757 344 1840 inprimis
375 1777 435 1821 nos
461 1758 671 1841 Epicurus
696 1778 716 1823 a
740 1778 775 1822 se
811 1758 882 1841 ipse
918 1758 1049 1823 dimittit
1084 1759 1136 1834 (cl.
1162 1759 1227 1825 Cic.
1252 1758 1343 1823 Brut.

173 1862 283 1945 5131,
322 1864 453 1948 Dionys
490 1866 530 1929 de
566 1885 673 1948 comp.
710 1888 741 1949 p.
760 1866 824 1930 37o
850 1865 951 1941 Solu),
988 1859 1044 1948 qui
1072 1866 1187 1947 fugere
1212 1885 1342 1929 omnem

172 1970 378 2055 disciplinam
403 1972 613 2053 navigatione
638 1993 737 2055 quam
764 1972 971 2037 velocissima
989 1973 1092 2036 iubet.
1132 1972 1249 2054 Neque
1265 1992 1344 2035 vero
1427 1969 1429 1975 '

172 2076 434 2162 Aristippus,
459 2099 627 2143 summum
643 2080 674 2143 iu
700 2081 873 2162 voluptate
897 2081 1043 2162 corporis
1061 2080 1186 2143 bonum
1202 2098 1344 2163 ponens,

174 2184 217 2249 ud
240 2186 330 2249 huno
353 2206 414 2249 nos
438 2186 588 2250 lahorem
612 2186 774 2251 hortatur.
824 2185 1016 2269 Pyrrhon
1042 2186 1176 2268 quidem
1200 2206 1284 2268 quas
1310 2185 1343 2247 in

173 2294 237 2356 hoc
261 2313 361 2377 opere
387 2293 511 2384 hahere
536 2295 648 2377 partes
671 2295 792 2376 potest,
818 2294 869 2356 cui
893 2292 1019 2356 iudices
1044 2312 1129 2372 esse,
1154 2293 1244 2374 apud
1260 2311 1344 2373 quos

174 2399 278 2463 verba
303 2400 413 2481 faeiat,
437 2400 470 2464 et
493 2419 598 2476 reum,
623 2419 684 2481 pro
709 2419 775 2481 quo
799 2400 965 2481 loquatur,
991 2401 1024 2464 et
1039 2401 1205 2479 senatum,
1228 2399 1261 2461 in
1279 2417 1345 2479 quo

175 2507 216 2569 sit
246 2506 387 2571 dicenda
419 2508 593 2586 sententia,
626 2526 693 2570 non
718 2507 884 2588 liquebit?
910 2507 1185 2571 Academiam
1211 2504 1344 2586 quidam

174 2612 381 2677 utilissimam
413 2614 564 2691 credunt,
596 2615 685 2696 quod
717 2633 789 2676 mos
820 2614 851 2676 in
883 2615 1214 2696 utramquepartem
1240 2611 1345 2675 disse-

172 2718 266 2782 rendi
292 2720 333 2782 ad
351 2721 617 2785 exercitationem
635 2720 815 2784 forensium
834 2740 1012 2785 causarum
1028 2720 1176 2803 proxime
1194 2718 1343 2783 accedat.

172 2826 339 2891 Adliciunt
362 2826 433 2890 loeo
458 2828 674 2910 probationis,
698 2828 787 2909 quod
813 2847 853 2891 ea
877 2827 1184 2910 praestantissimos
1218 2826 1250 2888 in
1276 2825 1343 2888 elo·

173 2934 311 3014 quentia
346 2934 433 2996 riros
469 2933 617 2999 ediderit.
668 2934 957 3017 Peripatetici
994 2935 1103 2999 studio
1139 2952 1273 3015 quoque
1309 2950 1344 2993 se

173 3040 318 3122 quodam
351 3041 495 3104 oratorio
529 3042 655 3105 iactant
686 3042 739 3118 (cs.
774 3042 840 3107 Cic.
873 3042 914 3105 de
945 3061 992 3106 or.
1016 3042 1031 3104 I
1057 3043 1107 3116 10,
1133 3042 1185 3112 43,
1210 3039 1344 3120 Dionys,

174 3147 216 3209 ad
243 3150 349 3211 Amm.
376 3149 386 3211 Ι
411 3168 437 3212 c.
463 3149 506 3227 2).
553 3148 638 3212 Nam
664 3148 776 3213 theses
814 3148 924 3211 dicere
958 3147 1202 3212 exercitationis
1238 3145 1344 3225 gratia

173 3255 242 3319 fere
268 3258 317 3319 est
342 3256 385 3318 ab
410 3255 447 3318 iis
471 3255 672 3322 institutum.¹
705 3255 858 3332 Stoici,
884 3256 969 3318 siout
986 3254 1116 3337 copiam
1133 3253 1344 3333 nitoremque

174 3362 385 3444 eloquentiae
410 3362 478 3426 fere
503 3362 777 3446 praeceptoribus
802 3361 870 3425 suis
895 3361 1041 3425 defuisse
1075 3360 1262 3424 concedant
1285 3378 1346 3422 ne-

174 3489 267 3533 eesse
292 3472 352 3547 est,
377 3470 423 3532 ita
448 3469 557 3533 nullos
583 3471 640 3533 aut
663 3469 809 3553 probare
834 3468 942 3532 acrius
967 3471 1026 3532 aut
1050 3466 1249 3534 concludere
1266 3466 1345 3528 sub-

172 3576 262 3639 tilius
288 3577 516 3643 contendunt,
568 3575 880 3658 Philosophorum*)
897 3576 1065 3639 orationes
1084 3575 1185 3638 exiles
1202 3573 1342 3636 ieiunas·

173 3704 238 3766 que
274 3685 307 3748 et
341 3703 461 3766 parum
499 3685 576 3765 apte
612 3683 813 3764 compositas
848 3682 951 3745 fuisse
982 3680 1197 3744 consentiunt
1220 3663 1345 3754 Cicer0,

173 3791 360 3874 Dionysius
385 3789 626 3867 Quintilianus3
655 3790 830 3873 Dionysius
855 3808 930 3852 oum
948 3787 1054 3851 solam
1072 3786 1345 3869 compositionem

173 3892 341 3980 spectaret
364 3898 473 3962 minus
499 3917 606 3979 aeque
630 3916 732 3979 quam
749 3896 863 3960 Cicero
880 3896 1044 3959 iudicasse
1061 3894 1201 3958 videtur.
1221 3929 1246 3937 -
1279 3890 1346 3954 Sed

172 4005 238 4068 iam
264 4025 350 4087 quae
376 4007 454 4069 aitte
479 4004 671 4086 Dionysium
695 4005 737 4067 de
762 4005 834 4067 arte
859 4001 1080 4085 componendi
1102 3999 1227 4064 fuerint
1251 4018 1347 4081 prae-

174 4098 271 4196 cepta
303 4113 484 4195 quaeritur,
518 4130 585 4174 non
617 4110 789 4192 quaeritur
813 4109 920 4191 qualis
944 4108 1218 4192 philosophorum
1248 4104 1348 4168 suerit

174 4219 325 4284 elocutio,
372 4219 457 4297 Quid
482 4219 641 4299 quaeris?
666 4216 783 4281 dixerit
807 4216 935 4297 aliquis,
960 4235 1035 4279 cum
1060 4213 1236 4297 Dionysius
1261 4211 1346 4274 dilu-

264 4362 290 4427 *t
303 4362 482 4431 Excipiuntur
496 4359 673 4428 Democritus,
688 4359 772 4424 Plato,
786 4358 952 4422 Aristoteles
963 4357 1179 4429 Theophrastus,
1193 4353 1347 4409 Carneades

174 4452 238 4517 (uic.
259 4452 350 4504 deor.
371 4453 380 4506 Ι
402 4452 443 4517 ll,
456 4449 509 4518 49).
