3100 4809
708 973 755 1062 n.

538 1196 542 1202 ’
582 1151 660 1272 De
698 1152 897 1273 rebus.

561 1351 775 1434 (πραγματικὸς
799 1350 909 1429 τόπος).

152 1541 155 1548 ’
239 1528 368 1613 Duplex
390 1530 441 1593 esl
464 1528 606 1593 oratoris
629 1527 775 1592 officium
800 1528 833 1590 in
857 1529 951 1610 parle
969 1547 1056 1609 quae
1074 1529 1125 1592 esi
1141 1527 1182 1591 de
1200 1526 1323 1590 rebus:

150 1635 340 1700 inveniendi
372 1655 426 1699 res
457 1638 491 1700 ei
522 1634 769 1718 disponendi*).
817 1634 943 1697 Lucum
973 1633 1189 1716 principalem
1221 1652 1324 1715 supra

151 1740 265 1817 ailuli3
289 1742 374 1806 adde
398 1742 439 1805 de
464 1757 612 1824 compos.
637 1742 728 1805 verb.
753 1762 786 1824 p.
804 1743 846 1804 24
870 1741 958 1817 Seu,
983 1741 1024 1804 de
1048 1740 1122 1823 Lys
1148 1740 1213 1804 iud.
1239 1758 1268 1803 c.
1284 1739 1325 1802 15
1411 1775 1423 1790 -

151 1848 314 1931 pascu,
332 1849 373 1912 de
389 1849 489 1915 lsncr.
507 1850 620 1931 cip.
635 1848 698 1912 542
716 1868 763 1930 sq.
781 1846 822 1927 R,
846 1846 888 1910 de
907 1847 1001 1912 lsueo
1018 1849 1081 1911 c.2
1093 1868 1125 1929 p.
1143 1848 1206 1911 589
1219 1846 1260 1922 R,
1282 1845 1323 1908 de

153 1954 304 2039 Thucyd.
317 1953 386 2021 iud.
404 1975 431 2020 c.
445 1957 488 2020 34
504 1977 536 2040 p.
554 1955 618 2020 896
638 1957 675 2034 ll,
700 1954 775 2019 alia.
816 1953 852 2018 lu
879 1953 1097 2018 historicus
1121 1972 1255 2036 quoque
1278 1952 1325 2015 ila

153 2062 223 2127 vuli
259 2064 322 2126 hoc
356 2064 572 2146 praecepium
609 2062 738 2142 cadere,
774 2063 810 2125 ul
834 2057 987 2123 ’ὑπόθεσιν
1016 2059 1069 2123 vel
1101 2055 1268 2142 προαίρεσιν
1292 2060 1326 2123 el

153 2163 319 2256 οἰκονομίαν
351 2170 565 2234 historiarum
597 2170 786 2249 dislingual,
819 2188 848 2233 v.
882 2168 923 2232 de
947 2166 1100 2250 Thucyd.
1124 2168 1190 2230 iud.
1215 2167 1325 2243 c.3⁴l.,

154 2275 249 2360 episi.
275 2277 317 2341 ad
341 2275 454 2360 Pomp
481 2277 522 2341 dc
546 2277 691 2360 praecip.
717 2277 790 2340 liisl.
816 2296 843 2341 c.
869 2279 898 2354 3,
917 2278 984 2355 4,6
1011 2296 1041 2358 p.
1061 2276 1124 2339 vce
1149 2274 1177 2337 R
1202 2293 1274 2355 sqq.

243 2382 434 2466 Dionysium
467 2383 565 2447 huius
589 2383 809 2465 biparlilicnis
834 2386 1004 2446 truciorem
1031 2401 1097 2444 nen
1123 2400 1196 2443 esse
1221 2377 1324 2461 ipsius

154 2490 258 2554 verba
290 2490 423 2555 deceni.
477 2490 587 2572 Atque
618 2489 884 2553 Arisluielcs
915 2489 999 2553 rhei.
1026 2488 1068 2550 lll
1090 2490 1102 2552 i
1136 2487 1220 2549 duas
1254 2483 1326 2566 qui·

155 2596 230 2659 dcm
261 2597 373 2680 parles
403 2596 590 2677 distinguil,
617 2596 675 2660 scd
708 2616 775 2659 non
811 2595 918 2660 eidem
942 2593 1057 2672 generi
1081 2592 1219 2657 subicit:
1250 2586 1326 2672 Τρία

155 2697 231 2764 ἐστῖν
254 2702 274 2764 ἂ
296 2700 340 2764 δεῖ
364 2702 628 2788 πραγματευθῆναι
655 2705 720 2784 περὶ
742 2698 791 2764 τὸν
813 2699 916 2782 λόγον,
948 2700 977 2762 ἓν
1001 2702 1053 2783 μὲν
1077 2695 1119 2761 ἐκ
1154 2701 1265 2761 τίνων
1288 2690 1327 2758 αἱ

155 2811 303 2881 πίστεις
325 2807 481 2871 ἔσονται
497 2804 723 2892 (εὕρεσις**),
749 2805 881 2892 δεύτερον
905 2807 937 2869 δὲ
961 2809 1026 2890 περὶ
1050 2810 1114 2892 τὴν
1136 2805 1242 2877 λέξιν
1265 2803 1327 2884 (λε-

155 2916 256 2987 κτικὸς
271 2917 383 2996 τόπος),
405 2918 497 3000 τρίτον
518 2915 550 2977 δὲ
565 2926 628 2988 πῶς
643 2919 704 3001 χρὴ
729 2915 843 2988 τάξαι
866 2919 910 2978 τὰ
934 2918 1029 3000 μέρη
1053 2922 1116 2975 τοῦ
1139 2908 1326 2992 λόγοο***)

156 3017 403 3109 (οἰκονομία).

246 3125 367 3214 'Elpeum
402 3133 434 3196 el
469 3126 636 3220 οἰκονομίαν
671 3135 790 3214 peslea
825 3151 844 3194 a
879 3128 1085 3213 philosophis
1122 3121 1327 3190 Academicis

159 3236 266 3301 eidem
297 3238 411 3316 generi
443 3238 610 3303 subicclas
643 3240 676 3303 el
705 3238 841 3300 λεκτικὸν
873 3255 1007 3319 quoquc
1037 3230 1124 3297 τόπον
1154 3229 1329 3315 dupliciter

160 3343 301 3409 divisum
326 3364 400 3409 essu
425 3329 568 3409 lcslalur
590 3344 705 3409 Cicero
729 3345 750 3409 l.
774 3345 794 3407 l.
819 3365 851 3426 p.
869 3346 899 3409 6.

249 3449 356 3516 Paulo
379 3449 566 3534 impeditior
583 3453 634 3516 esi
650 3451 756 3516 altera
773 3451 935 3533 quaeslim
961 3466 1128 3532 quaenam
1144 3443 1327 3509 invenlinni

155 3559 193 3625 cr
218 3559 433 3623 oeconomiae
458 3557 635 3622 subieceril
659 3557 849 3639 Dionysius

251 3717 277 3785 *l
302 3734 470 3786 quamquam
496 3716 549 3770 Ιιοο
573 3717 734 3770 vocabulum
757 3733 854 3786 graeco
886 3713 1032 3783 οἰκονομεῖν
1046 3730 1143 3783 parum
1167 3710 1332 3780 respondere

162 3807 241 3861 viden
260 3807 380 3875 vidirque
400 3805 590 3874 Quintilianus.

252 3897 294 3961 **)
312 3894 407 3967 εὕρεσις
437 3894 575 3950 Ari-loleli
602 3896 629 3948 in
659 3912 710 3949 usu
730 3895 813 3949 luisse
832 3911 887 3948 non
908 3894 1025 3958 videtum
1056 3892 1136 3961 εὑρεῖν
1165 3895 1279 3958 usurpat
1298 3890 1332 3943 de

161 3988 231 4041 rhel.
250 3987 262 4040 1
281 4004 303 4040 c.
324 3986 348 4041 l.

252 4076 314 4141 ***)
333 4077 365 4126 τὰ
384 4074 448 4144 pipp
466 4081 510 4125 τοῦ
528 4073 606 4143 λόγου
626 4074 720 4128 codem
740 4091 795 4143 quo
816 4074 974 4126 Aristoteles
993 4071 1058 4126 dicii
1072 4088 1152 4125 sensu
1169 4071 1278 4139 Dionys
1298 4070 1331 4122 de

162 4167 224 4234 Lys.
238 4165 292 4218 iud.
304 4183 325 4218 c.
344 4165 374 4218 16
390 4181 415 4232 p.
428 4163 481 4216 489
494 4165 526 4217 R.
539 4165 642 4231 (parles
656 4162 816 4229 or·ali0nis);
837 4163 914 4216 aliter
929 4164 961 4215 dc
975 4179 1062 4229 comp.
1079 4161 1152 4214 verb.
1170 4178 1196 4229 p.
1210 4160 1244 4213 74
1259 4160 1331 4224 sch„

163 4255 209 4309 ubi
229 4262 257 4308 ui
276 4253 340 4308 alibi
359 4256 391 4306 τὰ
409 4252 474 4322 pisan
493 4259 537 4304 τοῦ
556 4251 633 4322 λόγου
647 4273 680 4301 =
693 4255 725 4305 τὰ
743 4253 810 4323 μέρη
828 4259 876 4322 τῆς
894 4250 985 4314 λέξεως
1005 4271 1038 4298 =
1058 4256 1178 4321 στοιχεῖα,
1200 4251 1332 4305 vocabula

164 4347 210 4414 (z
227 4342 305 4408 λῦξτις
324 4343 494 4404 Stoicorum).
780 4342 784 4350 '
