<?xml version="1.0" encoding="UTF-8"?>
<!DOCTYPE html PUBLIC "-//W3C//DTD XHTML 1.0 Transitional//EN"
    "http://www.w3.org/TR/xhtml1/DTD/xhtml1-transitional.dtd">
<html xmlns="http://www.w3.org/1999/xhtml" xml:lang="en" lang="en">
 <head>
  <title>
</title>
<meta http-equiv="Content-Type" content="text/html;charset=utf-8" />
  <meta name='ocr-system' content='tesseract 3.04.00' />
  <meta name='ocr-capabilities' content='ocr_page ocr_carea ocr_par ocr_line ocrx_word'/>
</head>
<body>
  <div class='ocr_page' id='page_1' title='image "./dedionysiihalic00ammogoog_0110.png"; bbox 0 0 3100 4809; ppageno 0'>
   <div class='ocr_carea' id='block_1_1' title="bbox 621 251 862 315">
    <p class='ocr_par' dir='ltr' id='par_1_1' title="bbox 621 251 862 315">
     <span class='ocr_line' id='line_1_1' title="bbox 621 251 862 315; baseline 0 0"><span class='ocrx_word' id='word_1_1' title='bbox 621 251 862 315; x_wconf 88' lang='lat'>-100-</span> 
     </span>
    </p>
   </div>
   <div class='ocr_carea' id='block_1_2' title="bbox 151 428 1330 937">
    <p class='ocr_par' dir='ltr' id='par_1_2' title="bbox 151 428 1330 937">
     <span class='ocr_line' id='line_1_2' title="bbox 151 428 1330 513; baseline 0.002 -21"><span class='ocrx_word' id='word_1_2' title='bbox 151 429 224 512; x_wconf 89' lang='lat' dir='ltr'>ipso</span> <span class='ocrx_word' id='word_1_3' title='bbox 254 429 428 510; x_wconf 83' lang='lat' dir='ltr'>diligenter</span> <span class='ocrx_word' id='word_1_4' title='bbox 460 428 671 493; x_wconf 73' lang='lat' dir='ltr'>examinante</span> <span class='ocrx_word' id='word_1_5' title='bbox 704 430 883 494; x_wconf 89' lang='lat' dir='ltr'>verborum</span> <span class='ocrx_word' id='word_1_6' title='bbox 917 429 1065 493; x_wconf 90' lang='lat' dir='ltr'>omnium</span> <span class='ocrx_word' id='word_1_7' title='bbox 1096 430 1247 513; x_wconf 93' lang='lat' dir='ltr'>pondera</span> <span class='ocrx_word' id='word_1_8' title='bbox 1277 450 1330 494; x_wconf 91' lang='lat' dir='ltr'>re-</span> 
     </span>
     <span class='ocr_line' id='line_1_3' title="bbox 152 535 1328 619; baseline 0 -20"><span class='ocrx_word' id='word_1_9' title='bbox 152 535 331 619; x_wconf 74' lang='lat' dir='ltr'>prehendit</span> <span class='ocrx_word' id='word_1_10' title='bbox 356 535 540 600; x_wconf 83' lang='lat' dir='ltr'>Aeschines</span> <span class='ocrx_word' id='word_1_11' title='bbox 573 536 741 616; x_wconf 83' lang='lat' dir='ltr'>quaedam</span> <span class='ocrx_word' id='word_1_12' title='bbox 766 538 799 601; x_wconf 88' lang='lat' dir='ltr'>et</span> <span class='ocrx_word' id='word_1_13' title='bbox 833 537 976 617; x_wconf 85' lang='lat' dir='ltr'>exagitat</span> <span class='ocrx_word' id='word_1_14' title='bbox 999 536 1209 617; x_wconf 78' lang='lat' dir='ltr'>illudensque</span> <span class='ocrx_word' id='word_1_15' title='bbox 1234 537 1328 615; x_wconf 87' lang='lat' dir='ltr'>dura,</span> 
     </span>
     <span class='ocr_line' id='line_1_4' title="bbox 151 641 1327 727; baseline 0.001 -22"><span class='ocrx_word' id='word_1_16' title='bbox 151 642 276 722; x_wconf 89' lang='lat' dir='ltr'>odiosa,</span> <span class='ocrx_word' id='word_1_17' title='bbox 299 641 519 706; x_wconf 77' lang='lat' dir='ltr'>intolerabilia</span> <span class='ocrx_word' id='word_1_18' title='bbox 543 662 617 707; x_wconf 89' lang='lat' dir='ltr'>esse</span> <span class='ocrx_word' id='word_1_19' title='bbox 648 642 734 708; x_wconf 89' lang='lat' dir='ltr'>dicit.</span> <span class='ocrx_word' id='word_1_20' title='bbox 783 641 868 719; x_wconf 85' lang='lat' dir='ltr'>Quin</span> <span class='ocrx_word' id='word_1_21' title='bbox 894 643 995 706; x_wconf 88' lang='lat' dir='ltr'>etiam</span> <span class='ocrx_word' id='word_1_22' title='bbox 1020 644 1150 724; x_wconf 87' lang='lat' dir='ltr'>quaerit</span> <span class='ocrx_word' id='word_1_23' title='bbox 1178 644 1327 727; x_wconf 86' lang='lat' dir='ltr'>abipso,</span> 
     </span>
     <span class='ocr_line' id='line_1_5' title="bbox 154 748 1326 833; baseline 0.001 -20"><span class='ocrx_word' id='word_1_24' title='bbox 154 767 258 830; x_wconf 90' lang='lat' dir='ltr'>quum</span> <span class='ocrx_word' id='word_1_25' title='bbox 274 748 408 830; x_wconf 78' lang='lat' dir='ltr'>quidem</span> <span class='ocrx_word' id='word_1_26' title='bbox 426 768 501 812; x_wconf 89' lang='lat' dir='ltr'>eum</span> <span class='ocrx_word' id='word_1_27' title='bbox 521 748 654 812; x_wconf 90' lang='lat' dir='ltr'>beluam</span> <span class='ocrx_word' id='word_1_28' title='bbox 672 749 828 832; x_wconf 88' lang='lat' dir='ltr'>appellet,</span> <span class='ocrx_word' id='word_1_29' title='bbox 854 752 966 813; x_wconf 87' lang='lat' dir='ltr'>utrum</span> <span class='ocrx_word' id='word_1_30' title='bbox 984 750 1038 813; x_wconf 93' lang='lat' dir='ltr'>illa</span> <span class='ocrx_word' id='word_1_31' title='bbox 1055 750 1158 813; x_wconf 89' lang='lat' dir='ltr'>verba</span> <span class='ocrx_word' id='word_1_32' title='bbox 1178 770 1222 812; x_wconf 90' lang='lat' dir='ltr'>an</span> <span class='ocrx_word' id='word_1_33' title='bbox 1250 771 1326 833; x_wconf 91' lang='lat' dir='ltr'>por-</span> 
     </span>
     <span class='ocr_line' id='line_1_6' title="bbox 152 855 1327 937; baseline 0 -17"><span class='ocrx_word' id='word_1_34' title='bbox 152 860 246 921; x_wconf 92' lang='lat' dir='ltr'>tenta</span> <span class='ocrx_word' id='word_1_35' title='bbox 263 857 350 921; x_wconf 61' lang='lat' dir='ltr'>sint!</span> <span class='ocrx_word' id='word_1_36' title='bbox 377 855 482 918; x_wconf 82' lang='lat' dir='ltr'>Erant</span> <span class='ocrx_word' id='word_1_37' title='bbox 497 856 607 937; x_wconf 84' lang='lat' dir='ltr'>igitur.</span> <span class='ocrx_word' id='word_1_38' title='bbox 625 856 745 936; x_wconf 82' lang='lat' dir='ltr'>quibus</span> <span class='ocrx_word' id='word_1_39' title='bbox 763 855 995 920; x_wconf 83' lang='lat' dir='ltr'>Demosthenis</span> <span class='ocrx_word' id='word_1_40' title='bbox 1013 856 1130 920; x_wconf 91' lang='lat' dir='ltr'>electio</span> <span class='ocrx_word' id='word_1_41' title='bbox 1148 857 1327 920; x_wconf 89' lang='lat' dir='ltr'>verborum</span> 
     </span>
    </p>
   </div>
   <div class='ocr_carea' id='block_1_3' title="bbox 147 963 1328 1779">
    <p class='ocr_par' dir='ltr' id='par_1_3' title="bbox 149 963 1328 1261">
     <span class='ocr_line' id='line_1_7' title="bbox 154 963 1328 1046; baseline -0.001 -19"><span class='ocrx_word' id='word_1_42' title='bbox 154 966 264 1028; x_wconf 91' lang='lat' dir='ltr'>minus</span> <span class='ocrx_word' id='word_1_43' title='bbox 297 964 507 1046; x_wconf 83' lang='lat' dir='ltr'>probaretur,</span> <span class='ocrx_word' id='word_1_44' title='bbox 541 963 815 1045; x_wconf 81' lang='lat' dir='ltr'>compositionem</span> <span class='ocrx_word' id='word_1_45' title='bbox 849 964 1103 1027; x_wconf 88' lang='lat' dir='ltr'>admirabantur</span> <span class='ocrx_word' id='word_1_46' title='bbox 1134 984 1261 1035; x_wconf 81' lang='lat' dir='ltr'>omnes.</span> <span class='ocrx_word' id='word_1_47' title='bbox 1292 966 1328 1026; x_wconf 92' lang='lat' dir='ltr'>ut</span> 
     </span>
     <span class='ocr_line' id='line_1_8' title="bbox 151 1052 1328 1162; baseline -0.002 -26"><span class='ocrx_word' id='word_1_48' title='bbox 151 1090 238 1162; x_wconf 89' lang='lat' dir='ltr'>quae</span> <span class='ocrx_word' id='word_1_49' title='bbox 263 1052 438 1155; x_wconf 83' lang='lat' dir='ltr'>Dionysius</span> <span class='ocrx_word' id='word_1_50' title='bbox 463 1070 526 1133; x_wconf 88' lang='lat' dir='ltr'>hac</span> <span class='ocrx_word' id='word_1_51' title='bbox 550 1070 591 1133; x_wconf 83' lang='lat' dir='ltr'>de</span> <span class='ocrx_word' id='word_1_52' title='bbox 616 1090 651 1133; x_wconf 88' lang='lat' dir='ltr'>re</span> <span class='ocrx_word' id='word_1_53' title='bbox 668 1070 769 1133; x_wconf 84' lang='lat' dir='ltr'>tradit</span> <span class='ocrx_word' id='word_1_54' title='bbox 786 1070 898 1152; x_wconf 85' lang='lat' dir='ltr'>aliqua</span> <span class='ocrx_word' id='word_1_55' title='bbox 915 1073 1069 1154; x_wconf 81' lang='lat' dir='ltr'>exparte</span> <span class='ocrx_word' id='word_1_56' title='bbox 1086 1073 1176 1134; x_wconf 91' lang='lat' dir='ltr'>certe</span> <span class='ocrx_word' id='word_1_57' title='bbox 1194 1071 1328 1135; x_wconf 86' lang='lat' dir='ltr'>aliunde</span> 
     </span>
     <span class='ocr_line' id='line_1_9' title="bbox 149 1176 649 1261; baseline 0 -17"><span class='ocrx_word' id='word_1_58' title='bbox 149 1179 277 1244; x_wconf 89' lang='lat' dir='ltr'>adscita</span> <span class='ocrx_word' id='word_1_59' title='bbox 302 1198 376 1243; x_wconf 89' lang='lat' dir='ltr'>esse</span> <span class='ocrx_word' id='word_1_60' title='bbox 400 1177 551 1261; x_wconf 89' lang='lat' dir='ltr'>putanda</span> <span class='ocrx_word' id='word_1_61' title='bbox 574 1176 649 1244; x_wconf 89' lang='lat' dir='ltr'>sint.</span> 
     </span>
    </p>

    <p class='ocr_par' dir='ltr' id='par_1_4' title="bbox 147 1283 1328 1779">
     <span class='ocr_line' id='line_1_10' title="bbox 239 1283 1327 1367; baseline -0.002 -17"><span class='ocrx_word' id='word_1_62' title='bbox 239 1287 285 1351; x_wconf 92' lang='lat' dir='ltr'>De</span> <span class='ocrx_word' id='word_1_63' title='bbox 310 1284 442 1349; x_wconf 89' lang='lat' dir='ltr'>actione</span> <span class='ocrx_word' id='word_1_64' title='bbox 467 1283 643 1367; x_wconf 91' lang='lat' dir='ltr'>disputans</span> <span class='ocrx_word' id='word_1_65' title='bbox 661 1283 864 1347; x_wconf 82' lang='lat' dir='ltr'>Demetrium</span> <span class='ocrx_word' id='word_1_66' title='bbox 889 1287 1062 1349; x_wconf 79' lang='lat' dir='ltr'>auctorem</span> <span class='ocrx_word' id='word_1_67' title='bbox 1086 1285 1204 1349; x_wconf 82' lang='lat' dir='ltr'>laudat</span> <span class='ocrx_word' id='word_1_68' title='bbox 1228 1286 1327 1349; x_wconf 87' lang='lat' dir='ltr'>alios·</span> 
     </span>
     <span class='ocr_line' id='line_1_11' title="bbox 149 1387 1327 1476; baseline -0.004 -18"><span class='ocrx_word' id='word_1_69' title='bbox 149 1413 216 1476; x_wconf 86' lang='lat' dir='ltr'>que</span> <span class='ocrx_word' id='word_1_70' title='bbox 240 1394 329 1457; x_wconf 81' lang='lat' dir='ltr'>vitae</span> <span class='ocrx_word' id='word_1_71' title='bbox 354 1391 531 1474; x_wconf 83' lang='lat' dir='ltr'>scriptores</span> <span class='ocrx_word' id='word_1_72' title='bbox 556 1410 583 1455; x_wconf 88' lang='lat' dir='ltr'>c.</span> <span class='ocrx_word' id='word_1_73' title='bbox 609 1393 650 1455; x_wconf 87' lang='grc'>53</span> <span class='ocrx_word' id='word_1_74' title='bbox 673 1411 705 1472; x_wconf 91' lang='lat' dir='ltr'>p.</span> <span class='ocrx_word' id='word_1_75' title='bbox 733 1392 834 1459; x_wconf 81' lang='lat'>1118:</span> <span class='ocrx_word' id='word_1_76' title='bbox 858 1393 954 1452; x_wconf 79' lang='grc' dir='ltr'>καίτοι</span> <span class='ocrx_word' id='word_1_77' title='bbox 977 1387 1061 1476; x_wconf 72' lang='grc' dir='ltr'>φύσει</span> <span class='ocrx_word' id='word_1_78' title='bbox 1083 1394 1157 1475; x_wconf 84' lang='grc' dir='ltr'>πρὸς</span> <span class='ocrx_word' id='word_1_79' title='bbox 1179 1400 1270 1454; x_wconf 78' lang='grc' dir='ltr'>ταῦτα</span> <span class='ocrx_word' id='word_1_80' title='bbox 1293 1387 1327 1453; x_wconf 77' lang='grc' dir='ltr'>οὐ</span> 
     </span>
     <span class='ocr_line' id='line_1_12' title="bbox 147 1482 1328 1584; baseline -0.003 -22"><span class='ocrx_word' id='word_1_81' title='bbox 147 1497 222 1563; x_wconf 77' lang='grc' dir='ltr'>πάνυ</span> <span class='ocrx_word' id='word_1_82' title='bbox 238 1495 355 1583; x_wconf 70' lang='grc' dir='ltr'>εὐτυχεῖ</span> <span class='ocrx_word' id='word_1_83' title='bbox 368 1501 565 1584; x_wconf 79' lang='grc' dir='ltr'>χρησάμενος,</span> <span class='ocrx_word' id='word_1_84' title='bbox 590 1492 632 1568; x_wconf 81' lang='grc' dir='ltr'>ὡς</span> <span class='ocrx_word' id='word_1_85' title='bbox 653 1482 866 1582; x_wconf 74' lang='grc' dir='ltr'>Δημήτριος</span> <span class='ocrx_word' id='word_1_86' title='bbox 890 1494 905 1559; x_wconf 86' lang='grc' dir='ltr'>ὁ</span> <span class='ocrx_word' id='word_1_87' title='bbox 929 1494 1124 1582; x_wconf 68' lang='grc' dir='ltr'>Φαληρεὺς</span> <span class='ocrx_word' id='word_1_88' title='bbox 1147 1519 1219 1584; x_wconf 67' lang='grc' dir='ltr'>φησι</span> <span class='ocrx_word' id='word_1_89' title='bbox 1233 1501 1286 1561; x_wconf 83' lang='grc' dir='ltr'>καὶ</span> <span class='ocrx_word' id='word_1_90' title='bbox 1301 1493 1328 1560; x_wconf 87' lang='grc' dir='ltr'>οἱ</span> 
     </span>
     <span class='ocr_line' id='line_1_13' title="bbox 149 1598 1325 1687; baseline 0.001 -18"><span class='ocrx_word' id='word_1_91' title='bbox 149 1605 236 1669; x_wconf 81' lang='grc' dir='ltr'>ἄλλοι</span> <span class='ocrx_word' id='word_1_92' title='bbox 257 1609 363 1675; x_wconf 76' lang='grc' dir='ltr'>πάντες</span> <span class='ocrx_word' id='word_1_93' title='bbox 385 1599 412 1665; x_wconf 82' lang='grc' dir='ltr'>οἱ</span> <span class='ocrx_word' id='word_1_94' title='bbox 434 1606 483 1666; x_wconf 83' lang='grc' dir='ltr'>τὸν</span> <span class='ocrx_word' id='word_1_95' title='bbox 506 1605 567 1684; x_wconf 82' lang='grc' dir='ltr'><strong>βίον</strong></span> <span class='ocrx_word' id='word_1_96' title='bbox 590 1598 679 1665; x_wconf 71' lang='lat' dir='ltr'>adron</span> <span class='ocrx_word' id='word_1_97' title='bbox 703 1607 929 1687; x_wconf 75' lang='grc' dir='ltr'><strong>συγγράψαντες.</strong></span> <span class='ocrx_word' id='word_1_98' title='bbox 966 1604 1007 1668; x_wconf 83' lang='grc' dir='ltr'>Ηί</span> <span class='ocrx_word' id='word_1_99' title='bbox 1032 1601 1090 1686; x_wconf 75' lang='lat' dir='ltr'>qui</span> <span class='ocrx_word' id='word_1_100' title='bbox 1115 1606 1247 1674; x_wconf 84' lang='lat' dir='ltr'>fuerint,</span> <span class='ocrx_word' id='word_1_101' title='bbox 1272 1606 1325 1670; x_wconf 86' lang='lat' dir='ltr'>Fr.</span> 
     </span>
     <span class='ocr_line' id='line_1_14' title="bbox 150 1710 1326 1779; baseline -0.002 0"><span class='ocrx_word' id='word_1_102' title='bbox 150 1711 359 1779; x_wconf 88' lang='lat' dir='ltr'>Gebhard</span> <span class='ocrx_word' id='word_1_103' title='bbox 391 1711 432 1775; x_wconf 91' lang='lat' dir='ltr'>de</span> <span class='ocrx_word' id='word_1_104' title='bbox 463 1710 633 1774; x_wconf 88' lang='lat' dir='ltr'>Plutarchi</span> <span class='ocrx_word' id='word_1_105' title='bbox 665 1712 698 1773; x_wconf 93' lang='lat' dir='ltr'>in</span> <span class='ocrx_word' id='word_1_106' title='bbox 732 1712 967 1776; x_wconf 83' lang='lat' dir='ltr'>Demosthenis</span> <span class='ocrx_word' id='word_1_107' title='bbox 999 1714 1067 1777; x_wconf 87' lang='lat' dir='ltr'>vita</span> <span class='ocrx_word' id='word_1_108' title='bbox 1106 1712 1255 1776; x_wconf 88' lang='lat' dir='ltr'>fontibus</span> <span class='ocrx_word' id='word_1_109' title='bbox 1286 1732 1326 1777; x_wconf 89' lang='lat' dir='ltr'>ac</span> 
     </span>
    </p>
   </div>
   <div class='ocr_carea' id='block_1_4' title="bbox 51 1818 1325 1902">
    <p class='ocr_par' dir='ltr' id='par_1_5' title="bbox 51 1818 1325 1902">
     <span class='ocr_line' id='line_1_15' title="bbox 51 1818 1325 1902; baseline -0.002 -17"><span class='ocrx_word' id='word_1_110' title='bbox 51 1851 55 1858; x_wconf 62' lang='lat'>¹</span> <span class='ocrx_word' id='word_1_111' title='bbox 149 1822 214 1885; x_wconf 89' lang='lat' dir='ltr'>fide</span> <span class='ocrx_word' id='word_1_112' title='bbox 238 1819 412 1900; x_wconf 80' lang='lat' dir='ltr'>diligenter</span> <span class='ocrx_word' id='word_1_113' title='bbox 444 1818 597 1901; x_wconf 83' lang='lat' dir='ltr'>exposuit</span> <span class='ocrx_word' id='word_1_114' title='bbox 628 1818 807 1896; x_wconf 73' lang='lat' dir='ltr'>(Monachii</span> <span class='ocrx_word' id='word_1_115' title='bbox 833 1821 941 1900; x_wconf 83' lang='grc'>1880).</span> <span class='ocrx_word' id='word_1_116' title='bbox 989 1821 1064 1902; x_wconf 91' lang='lat' dir='ltr'>lpse</span> <span class='ocrx_word' id='word_1_117' title='bbox 1095 1820 1135 1883; x_wconf 91' lang='lat' dir='ltr'>de</span> <span class='ocrx_word' id='word_1_118' title='bbox 1169 1840 1235 1883; x_wconf 91' lang='lat' dir='ltr'>uno</span> <span class='ocrx_word' id='word_1_119' title='bbox 1259 1819 1325 1883; x_wconf 89' lang='lat' dir='ltr'>De-</span> 
     </span>
    </p>
   </div>
   <div class='ocr_carea' id='block_1_5' title="bbox 147 1926 1325 4468">
    <p class='ocr_par' dir='ltr' id='par_1_6' title="bbox 148 1926 1325 2546">
     <span class='ocr_line' id='line_1_16' title="bbox 150 1926 1325 2010; baseline -0.002 -19"><span class='ocrx_word' id='word_1_120' title='bbox 150 1928 266 1992; x_wconf 91' lang='lat' dir='ltr'>metrio</span> <span class='ocrx_word' id='word_1_121' title='bbox 290 1946 400 2010; x_wconf 90' lang='lat' dir='ltr'>pauca</span> <span class='ocrx_word' id='word_1_122' title='bbox 425 1927 574 1990; x_wconf 82' lang='lat' dir='ltr'>afferam.</span> <span class='ocrx_word' id='word_1_123' title='bbox 622 1926 731 2007; x_wconf 87' lang='lat' dir='ltr'>Atque</span> <span class='ocrx_word' id='word_1_124' title='bbox 761 1926 937 2009; x_wconf 89' lang='lat' dir='ltr'>Dionysius</span> <span class='ocrx_word' id='word_1_125' title='bbox 972 1927 1064 1990; x_wconf 90' lang='lat' dir='ltr'>illum</span> <span class='ocrx_word' id='word_1_126' title='bbox 1088 1948 1120 2010; x_wconf 88' lang='lat' dir='ltr'>p.</span> <span class='ocrx_word' id='word_1_127' title='bbox 1148 1929 1211 1991; x_wconf 81' lang='lat'>757</span> <span class='ocrx_word' id='word_1_128' title='bbox 1236 1927 1267 1990; x_wconf 88' lang='lat' dir='ltr'>R</span> <span class='ocrx_word' id='word_1_129' title='bbox 1282 1927 1325 1989; x_wconf 75' lang='lat' dir='ltr'>&#39;in</span> 
     </span>
     <span class='ocr_line' id='line_1_17' title="bbox 148 2022 1325 2117; baseline -0.001 -18"><span class='ocrx_word' id='word_1_130' title='bbox 148 2022 289 2099; x_wconf 87' lang='lat' dir='ltr'>numero</span> <span class='ocrx_word' id='word_1_131' title='bbox 313 2034 554 2114; x_wconf 83' lang='lat' dir='ltr'>exagitatorum</span> <span class='ocrx_word' id='word_1_132' title='bbox 589 2032 784 2096; x_wconf 88' lang='lat' dir='ltr'>elocutionis</span> <span class='ocrx_word' id='word_1_133' title='bbox 814 2032 1010 2098; x_wconf 88' lang='lat' dir='ltr'>Platonicae</span> <span class='ocrx_word' id='word_1_134' title='bbox 1039 2034 1160 2117; x_wconf 85' lang='lat' dir='ltr'>posuit.</span> <span class='ocrx_word' id='word_1_135' title='bbox 1209 2033 1325 2098; x_wconf 86' lang='lat' dir='ltr'>Cicero</span> 
     </span>
     <span class='ocr_line' id='line_1_18' title="bbox 150 2139 1325 2224; baseline -0.002 -18"><span class='ocrx_word' id='word_1_136' title='bbox 150 2143 192 2206; x_wconf 93' lang='lat' dir='ltr'>ad</span> <span class='ocrx_word' id='word_1_137' title='bbox 216 2140 254 2218; x_wconf 84' lang='lat' dir='ltr'>Q.</span> <span class='ocrx_word' id='word_1_138' title='bbox 278 2141 371 2206; x_wconf 86' lang='lat' dir='ltr'>fratr.</span> <span class='ocrx_word' id='word_1_139' title='bbox 385 2142 426 2204; x_wconf 93' lang='lat' dir='ltr'>de</span> <span class='ocrx_word' id='word_1_140' title='bbox 444 2143 509 2223; x_wconf 88' lang='lat' dir='ltr'>pet.</span> <span class='ocrx_word' id='word_1_141' title='bbox 528 2139 656 2204; x_wconf 89' lang='lat' dir='ltr'>consul.</span> <span class='ocrx_word' id='word_1_142' title='bbox 676 2142 754 2209; x_wconf 71' lang='lat' dir='ltr'>La:</span> <span class='ocrx_word' id='word_1_143' title='bbox 780 2140 901 2224; x_wconf 87' lang='lat' dir='ltr'>,Saepe</span> <span class='ocrx_word' id='word_1_144' title='bbox 926 2160 1014 2222; x_wconf 89' lang='lat' dir='ltr'>quae</span> <span class='ocrx_word' id='word_1_145' title='bbox 1036 2142 1077 2205; x_wconf 93' lang='lat' dir='ltr'>de</span> <span class='ocrx_word' id='word_1_146' title='bbox 1093 2141 1325 2206; x_wconf 88' lang='lat' dir='ltr'>Demosthenis</span> 
     </span>
     <span class='ocr_line' id='line_1_19' title="bbox 148 2246 1323 2329; baseline 0 -17"><span class='ocrx_word' id='word_1_147' title='bbox 148 2250 258 2312; x_wconf 87' lang='lat' dir='ltr'>studio</span> <span class='ocrx_word' id='word_1_148' title='bbox 289 2250 323 2313; x_wconf 93' lang='lat' dir='ltr'>et</span> <span class='ocrx_word' id='word_1_149' title='bbox 356 2246 592 2311; x_wconf 81' lang='lat' dir='ltr'>exercitatione</span> <span class='ocrx_word' id='word_1_150' title='bbox 632 2246 765 2329; x_wconf 91' lang='lat' dir='ltr'>scripsit</span> <span class='ocrx_word' id='word_1_151' title='bbox 802 2247 991 2312; x_wconf 88' lang='lat' dir='ltr'>Demetrius</span> <span class='ocrx_word' id='word_1_152' title='bbox 1029 2250 1228 2313; x_wconf 88' lang='lat' dir='ltr'>recordare.‘</span> <span class='ocrx_word' id='word_1_153' title='bbox 1277 2249 1323 2312; x_wconf 92' lang='lat' dir='ltr'>De</span> 
     </span>
     <span class='ocr_line' id='line_1_20' title="bbox 148 2354 1323 2437; baseline -0.001 -17"><span class='ocrx_word' id='word_1_154' title='bbox 148 2357 247 2420; x_wconf 86' lang='lat' dir='ltr'>divin.</span> <span class='ocrx_word' id='word_1_155' title='bbox 275 2358 303 2420; x_wconf 86' lang='grc' dir='ltr'>ΙΙ</span> <span class='ocrx_word' id='word_1_156' title='bbox 326 2358 379 2433; x_wconf 77' lang='grc'>46,</span> <span class='ocrx_word' id='word_1_157' title='bbox 392 2357 433 2419; x_wconf 83' lang='grc'>96</span> <span class='ocrx_word' id='word_1_158' title='bbox 465 2354 518 2435; x_wconf 89' lang='lat' dir='ltr'>(de</span> <span class='ocrx_word' id='word_1_159' title='bbox 542 2354 671 2418; x_wconf 89' lang='lat' dir='ltr'>litterae</span> <span class='ocrx_word' id='word_1_160' title='bbox 700 2374 716 2417; x_wconf 96' lang='lat' dir='ltr'>r</span> <span class='ocrx_word' id='word_1_161' title='bbox 746 2356 1041 2437; x_wconf 85' lang='lat' dir='ltr'>pronuntiatione).</span> <span class='ocrx_word' id='word_1_162' title='bbox 1087 2358 1178 2422; x_wconf 87' lang='lat' dir='ltr'>Inter</span> <span class='ocrx_word' id='word_1_163' title='bbox 1202 2356 1323 2420; x_wconf 87' lang='lat' dir='ltr'>multos</span> 
     </span>
     <span class='ocr_line' id='line_1_21' title="bbox 149 2461 1323 2546; baseline 0.001 -19"><span class='ocrx_word' id='word_1_164' title='bbox 149 2464 220 2528; x_wconf 89' lang='lat' dir='ltr'>eius</span> <span class='ocrx_word' id='word_1_165' title='bbox 238 2463 338 2526; x_wconf 92' lang='lat' dir='ltr'>libros</span> <span class='ocrx_word' id='word_1_166' title='bbox 354 2461 458 2525; x_wconf 89' lang='lat' dir='ltr'>fuisse</span> <span class='ocrx_word' id='word_1_167' title='bbox 473 2462 572 2525; x_wconf 89' lang='lat' dir='ltr'>etiam</span> <span class='ocrx_word' id='word_1_168' title='bbox 590 2462 773 2525; x_wconf 87' lang='lat' dir='ltr'>rhetoricos</span> <span class='ocrx_word' id='word_1_169' title='bbox 795 2464 896 2526; x_wconf 87' lang='lat' dir='ltr'>refert</span> <span class='ocrx_word' id='word_1_170' title='bbox 913 2463 1049 2543; x_wconf 81' lang='lat' dir='ltr'>Diogen.</span> <span class='ocrx_word' id='word_1_171' title='bbox 1064 2463 1171 2529; x_wconf 87' lang='lat' dir='ltr'>Laert.</span> <span class='ocrx_word' id='word_1_172' title='bbox 1193 2463 1253 2546; x_wconf 62' lang='lat' dir='ltr'>VD</span> <span class='ocrx_word' id='word_1_173' title='bbox 1271 2466 1323 2530; x_wconf 83' lang='lat'>80.</span> 
     </span>
    </p>

    <p class='ocr_par' dir='ltr' id='par_1_7' title="bbox 148 2568 1325 3187">
     <span class='ocr_line' id='line_1_22' title="bbox 237 2568 1325 2650; baseline -0.001 -16"><span class='ocrx_word' id='word_1_174' title='bbox 237 2570 325 2634; x_wconf 90' lang='lat' dir='ltr'>Num</span> <span class='ocrx_word' id='word_1_175' title='bbox 356 2568 531 2650; x_wconf 80' lang='lat' dir='ltr'>Dionysius</span> <span class='ocrx_word' id='word_1_176' title='bbox 562 2587 649 2649; x_wconf 79' lang='lat' dir='ltr'>quae</span> <span class='ocrx_word' id='word_1_177' title='bbox 681 2568 723 2631; x_wconf 93' lang='lat' dir='ltr'>de</span> <span class='ocrx_word' id='word_1_178' title='bbox 753 2569 920 2633; x_wconf 88' lang='lat' dir='ltr'>Aeschine</span> <span class='ocrx_word' id='word_1_179' title='bbox 945 2570 1176 2634; x_wconf 89' lang='lat' dir='ltr'>Demosthenis</span> <span class='ocrx_word' id='word_1_180' title='bbox 1208 2570 1325 2634; x_wconf 91' lang='lat' dir='ltr'>adver-</span> 
     </span>
     <span class='ocr_line' id='line_1_23' title="bbox 148 2673 1325 2761; baseline -0.003 -18"><span class='ocrx_word' id='word_1_181' title='bbox 148 2679 236 2743; x_wconf 89' lang='lat' dir='ltr'>sario</span> <span class='ocrx_word' id='word_1_182' title='bbox 258 2676 385 2761; x_wconf 86' lang='lat' dir='ltr'>profert</span> <span class='ocrx_word' id='word_1_183' title='bbox 409 2695 449 2739; x_wconf 79' lang='lat' dir='ltr'>ex</span> <span class='ocrx_word' id='word_1_184' title='bbox 480 2676 552 2758; x_wconf 91' lang='lat' dir='ltr'>ipso</span> <span class='ocrx_word' id='word_1_185' title='bbox 575 2673 741 2738; x_wconf 89' lang='lat' dir='ltr'>Aeschine</span> <span class='ocrx_word' id='word_1_186' title='bbox 767 2676 944 2756; x_wconf 80' lang='lat' dir='ltr'>collegerit,</span> <span class='ocrx_word' id='word_1_187' title='bbox 970 2678 1095 2758; x_wconf 81' lang='lat' dir='ltr'>dubita,</span> <span class='ocrx_word' id='word_1_188' title='bbox 1130 2679 1325 2759; x_wconf 88' lang='lat' dir='ltr'>praesertim</span> 
     </span>
     <span class='ocr_line' id='line_1_24' title="bbox 150 2781 1325 2864; baseline -0.002 -14"><span class='ocrx_word' id='word_1_189' title='bbox 150 2806 224 2850; x_wconf 92' lang='lat' dir='ltr'>cum</span> <span class='ocrx_word' id='word_1_190' title='bbox 248 2785 330 2848; x_wconf 93' lang='lat' dir='ltr'>mire</span> <span class='ocrx_word' id='word_1_191' title='bbox 355 2802 430 2847; x_wconf 92' lang='lat' dir='ltr'>cum</span> <span class='ocrx_word' id='word_1_192' title='bbox 454 2782 613 2846; x_wconf 89' lang='lat' dir='ltr'>Cicerone</span> <span class='ocrx_word' id='word_1_193' title='bbox 638 2781 827 2864; x_wconf 87' lang='lat' dir='ltr'>conspiret3</span> <span class='ocrx_word' id='word_1_194' title='bbox 861 2784 1056 2848; x_wconf 89' lang='lat' dir='ltr'>ferebantur</span> <span class='ocrx_word' id='word_1_195' title='bbox 1080 2786 1121 2847; x_wconf 90' lang='lat' dir='ltr'>de</span> <span class='ocrx_word' id='word_1_196' title='bbox 1151 2785 1325 2848; x_wconf 88' lang='lat' dir='ltr'>clarissimi</span> 
     </span>
     <span class='ocr_line' id='line_1_25' title="bbox 149 2888 1325 2969; baseline -0.001 -13"><span class='ocrx_word' id='word_1_197' title='bbox 149 2892 287 2956; x_wconf 89' lang='lat' dir='ltr'>oratoris</span> <span class='ocrx_word' id='word_1_198' title='bbox 311 2891 380 2955; x_wconf 88' lang='lat' dir='ltr'>vita</span> <span class='ocrx_word' id='word_1_199' title='bbox 409 2889 491 2965; x_wconf 87' lang='lat' dir='ltr'>libri,</span> <span class='ocrx_word' id='word_1_200' title='bbox 524 2888 557 2950; x_wconf 92' lang='lat' dir='ltr'>in</span> <span class='ocrx_word' id='word_1_201' title='bbox 591 2890 712 2969; x_wconf 86' lang='lat' dir='ltr'>quibus</span> <span class='ocrx_word' id='word_1_202' title='bbox 746 2889 845 2953; x_wconf 85' lang='lat' dir='ltr'>etiam</span> <span class='ocrx_word' id='word_1_203' title='bbox 876 2891 917 2954; x_wconf 91' lang='lat' dir='ltr'>de</span> <span class='ocrx_word' id='word_1_204' title='bbox 949 2891 1126 2955; x_wconf 89' lang='lat' dir='ltr'>inimicitiis</span> <span class='ocrx_word' id='word_1_205' title='bbox 1149 2891 1325 2955; x_wconf 88' lang='lat' dir='ltr'>Aeschinis</span> 
     </span>
     <span class='ocr_line' id='line_1_26' title="bbox 149 2996 1325 3080; baseline 0.002 -20"><span class='ocrx_word' id='word_1_206' title='bbox 149 3003 183 3064; x_wconf 83' lang='lat' dir='ltr'>et</span> <span class='ocrx_word' id='word_1_207' title='bbox 215 2998 448 3064; x_wconf 89' lang='lat' dir='ltr'>Demosthenis</span> <span class='ocrx_word' id='word_1_208' title='bbox 477 2997 684 3080; x_wconf 89' lang='lat' dir='ltr'>disputatum</span> <span class='ocrx_word' id='word_1_209' title='bbox 715 2996 819 3061; x_wconf 90' lang='lat' dir='ltr'>fuisse</span> <span class='ocrx_word' id='word_1_210' title='bbox 849 2998 1027 3063; x_wconf 88' lang='lat' dir='ltr'>verisimile</span> <span class='ocrx_word' id='word_1_211' title='bbox 1059 2999 1119 3078; x_wconf 88' lang='lat' dir='ltr'>est,</span> <span class='ocrx_word' id='word_1_212' title='bbox 1152 3018 1181 3062; x_wconf 93' lang='lat' dir='ltr'>v.</span> <span class='ocrx_word' id='word_1_213' title='bbox 1213 2999 1325 3063; x_wconf 88' lang='lat' dir='ltr'>Schol.</span> 
     </span>
     <span class='ocr_line' id='line_1_27' title="bbox 148 3104 715 3187; baseline 0 -18"><span class='ocrx_word' id='word_1_214' title='bbox 148 3105 268 3172; x_wconf 88' lang='lat' dir='ltr'>Aesch.</span> <span class='ocrx_word' id='word_1_215' title='bbox 293 3104 569 3187; x_wconf 84' lang='lat' dir='ltr'>(Baiter-Sauppe</span> <span class='ocrx_word' id='word_1_216' title='bbox 593 3121 625 3185; x_wconf 91' lang='lat' dir='ltr'>p.</span> <span class='ocrx_word' id='word_1_217' title='bbox 650 3104 715 3183; x_wconf 76' lang='lat'>26).</span> 
     </span>
    </p>

    <p class='ocr_par' dir='ltr' id='par_1_8' title="bbox 148 3211 1324 3510">
     <span class='ocr_line' id='line_1_28' title="bbox 237 3211 1324 3293; baseline 0.002 -17"><span class='ocrx_word' id='word_1_218' title='bbox 237 3214 386 3293; x_wconf 87' lang='lat' dir='ltr'>Denique</span> <span class='ocrx_word' id='word_1_219' title='bbox 418 3211 504 3275; x_wconf 85' lang='lat' dir='ltr'>addo</span> <span class='ocrx_word' id='word_1_220' title='bbox 543 3211 651 3274; x_wconf 88' lang='lat' dir='ltr'>locum</span> <span class='ocrx_word' id='word_1_221' title='bbox 682 3211 899 3276; x_wconf 90' lang='lat' dir='ltr'>Demetrii</span> <span class='ocrx_word' id='word_1_222' title='bbox 932 3212 1145 3293; x_wconf 83' lang='lat' dir='ltr'>Magnetis</span> <span class='ocrx_word' id='word_1_223' title='bbox 1177 3213 1217 3277; x_wconf 93' lang='lat' dir='ltr'>de</span> <span class='ocrx_word' id='word_1_224' title='bbox 1251 3213 1324 3278; x_wconf 83' lang='lat' dir='ltr'>Diri.</span> 
     </span>
     <span class='ocr_line' id='line_1_29' title="bbox 148 3318 1323 3402; baseline -0.002 -17"><span class='ocrx_word' id='word_1_225' title='bbox 148 3341 175 3386; x_wconf 90' lang='lat' dir='ltr'>c.</span> <span class='ocrx_word' id='word_1_226' title='bbox 203 3324 230 3393; x_wconf 83' lang='lat' dir='ltr'>l,</span> <span class='ocrx_word' id='word_1_227' title='bbox 251 3319 311 3384; x_wconf 84' lang='lat' dir='ltr'>‘ubi</span> <span class='ocrx_word' id='word_1_228' title='bbox 335 3318 535 3402; x_wconf 88' lang='lat' dir='ltr'>praecipuae</span> <span class='ocrx_word' id='word_1_229' title='bbox 561 3318 794 3383; x_wconf 88' lang='lat' dir='ltr'>Demosthenis</span> <span class='ocrx_word' id='word_1_230' title='bbox 816 3320 956 3385; x_wconf 88' lang='lat' dir='ltr'>virtutes</span> <span class='ocrx_word' id='word_1_231' title='bbox 980 3324 1208 3384; x_wconf 89' lang='lat' dir='ltr'>memorantur</span> <span class='ocrx_word' id='word_1_232' title='bbox 1233 3321 1323 3384; x_wconf 91' lang='lat' dir='ltr'>etin</span> 
     </span>
     <span class='ocr_line' id='line_1_30' title="bbox 148 3428 629 3510; baseline 0 -20"><span class='ocrx_word' id='word_1_233' title='bbox 148 3428 433 3510; x_wconf 86' lang='lat' dir='ltr'>comparationem</span> <span class='ocrx_word' id='word_1_234' title='bbox 457 3428 629 3490; x_wconf 89' lang='lat' dir='ltr'>vocantur.</span> 
     </span>
    </p>

    <p class='ocr_par' dir='ltr' id='par_1_9' title="bbox 147 3532 1323 4468">
     <span class='ocr_line' id='line_1_31' title="bbox 237 3532 1323 3615; baseline 0.001 -18"><span class='ocrx_word' id='word_1_235' title='bbox 237 3533 463 3597; x_wconf 86' lang='lat' dir='ltr'>Ciceronis</span> <span class='ocrx_word' id='word_1_236' title='bbox 488 3532 679 3597; x_wconf 89' lang='lat' dir='ltr'>testimonia</span> <span class='ocrx_word' id='word_1_237' title='bbox 696 3532 761 3596; x_wconf 90' lang='lat' dir='ltr'>duo</span> <span class='ocrx_word' id='word_1_238' title='bbox 779 3533 844 3597; x_wconf 91' lang='lat' dir='ltr'>iam</span> <span class='ocrx_word' id='word_1_239' title='bbox 863 3534 977 3608; x_wconf 88' lang='lat' dir='ltr'>attuli;</span> <span class='ocrx_word' id='word_1_240' title='bbox 1002 3534 1167 3598; x_wconf 89' lang='lat' dir='ltr'>accedunt</span> <span class='ocrx_word' id='word_1_241' title='bbox 1183 3533 1218 3595; x_wconf 92' lang='lat' dir='ltr'>bi</span> <span class='ocrx_word' id='word_1_242' title='bbox 1240 3552 1323 3615; x_wconf 87' lang='lat' dir='ltr'>quo·</span> 
     </span>
     <span class='ocr_line' id='line_1_32' title="bbox 148 3639 1321 3723; baseline 0.001 -19"><span class='ocrx_word' id='word_1_243' title='bbox 148 3660 214 3721; x_wconf 84' lang='lat' dir='ltr'>que</span> <span class='ocrx_word' id='word_1_244' title='bbox 237 3640 310 3721; x_wconf 88' lang='lat' dir='ltr'>loci,</span> <span class='ocrx_word' id='word_1_245' title='bbox 335 3640 456 3721; x_wconf 88' lang='lat' dir='ltr'>quibus</span> <span class='ocrx_word' id='word_1_246' title='bbox 481 3643 517 3704; x_wconf 95' lang='lat' dir='ltr'>ut</span> <span class='ocrx_word' id='word_1_247' title='bbox 536 3640 613 3703; x_wconf 88' lang='lat' dir='ltr'>alibi</span> <span class='ocrx_word' id='word_1_248' title='bbox 630 3639 775 3704; x_wconf 90' lang='lat' dir='ltr'>Tullium</span> <span class='ocrx_word' id='word_1_249' title='bbox 792 3640 939 3705; x_wconf 86' lang='lat' dir='ltr'>Graecos</span> <span class='ocrx_word' id='word_1_250' title='bbox 964 3644 1117 3705; x_wconf 87' lang='lat' dir='ltr'>secutum</span> <span class='ocrx_word' id='word_1_251' title='bbox 1135 3661 1208 3705; x_wconf 73' lang='lat' dir='ltr'>esse</span> <span class='ocrx_word' id='word_1_252' title='bbox 1225 3642 1321 3723; x_wconf 91' lang='lat' dir='ltr'>puta·</span> 
     </span>
     <span class='ocr_line' id='line_1_33' title="bbox 147 3741 1322 3828; baseline -0.002 -15"><span class='ocrx_word' id='word_1_253' title='bbox 147 3770 232 3813; x_wconf 90' lang='lat' dir='ltr'>mus.</span> <span class='ocrx_word' id='word_1_254' title='bbox 279 3748 371 3813; x_wconf 91' lang='lat' dir='ltr'>Orat.</span> <span class='ocrx_word' id='word_1_255' title='bbox 398 3749 475 3824; x_wconf 70' lang='lat' dir='ltr'>aa:</span> <span class='ocrx_word' id='word_1_256' title='bbox 509 3747 554 3820; x_wconf 84' lang='lat' dir='ltr'>,ln</span> <span class='ocrx_word' id='word_1_257' title='bbox 587 3748 774 3810; x_wconf 87' lang='lat' dir='ltr'>oratoribus</span> <span class='ocrx_word' id='word_1_258' title='bbox 800 3741 930 3828; x_wconf 86' lang='lat' dir='ltr'>graecis</span> <span class='ocrx_word' id='word_1_259' title='bbox 962 3749 1097 3828; x_wconf 87' lang='lat' dir='ltr'>quidem</span> <span class='ocrx_word' id='word_1_260' title='bbox 1128 3747 1322 3811; x_wconf 82' lang='lat' dir='ltr'>admirabile</span> 
     </span>
     <span class='ocr_line' id='line_1_34' title="bbox 148 3852 1322 3938; baseline -0.003 -18"><span class='ocrx_word' id='word_1_261' title='bbox 148 3858 208 3938; x_wconf 88' lang='lat' dir='ltr'>est,</span> <span class='ocrx_word' id='word_1_262' title='bbox 234 3858 397 3937; x_wconf 89' lang='lat' dir='ltr'>quantum</span> <span class='ocrx_word' id='word_1_263' title='bbox 421 3856 509 3917; x_wconf 88' lang='lat' dir='ltr'>inter</span> <span class='ocrx_word' id='word_1_264' title='bbox 533 3873 650 3917; x_wconf 90' lang='lat' dir='ltr'>omnes</span> <span class='ocrx_word' id='word_1_265' title='bbox 674 3874 760 3918; x_wconf 92' lang='lat' dir='ltr'>unus</span> <span class='ocrx_word' id='word_1_266' title='bbox 795 3856 943 3920; x_wconf 80' lang='lat' dir='ltr'>excellat.</span> <span class='ocrx_word' id='word_1_267' title='bbox 992 3852 1040 3918; x_wconf 91' lang='lat' dir='ltr'>Ac</span> <span class='ocrx_word' id='word_1_268' title='bbox 1073 3857 1186 3918; x_wconf 91' lang='lat' dir='ltr'>tamen</span> <span class='ocrx_word' id='word_1_269' title='bbox 1218 3874 1322 3935; x_wconf 85' lang='lat' dir='ltr'>quum</span> 
     </span>
     <span class='ocr_line' id='line_1_35' title="bbox 148 3960 1322 4042; baseline -0.001 -15"><span class='ocrx_word' id='word_1_270' title='bbox 148 3966 238 4027; x_wconf 88' lang='lat' dir='ltr'>esset</span> <span class='ocrx_word' id='word_1_271' title='bbox 260 3962 513 4040; x_wconf 89' lang='lat' dir='ltr'>Demosthenes,</span> <span class='ocrx_word' id='word_1_272' title='bbox 537 3960 631 4024; x_wconf 89' lang='lat' dir='ltr'>multi</span> <span class='ocrx_word' id='word_1_273' title='bbox 656 3965 806 4025; x_wconf 91' lang='lat' dir='ltr'>oratores</span> <span class='ocrx_word' id='word_1_274' title='bbox 831 3963 942 4042; x_wconf 83' lang='lat' dir='ltr'>magni</span> <span class='ocrx_word' id='word_1_275' title='bbox 967 3963 999 4025; x_wconf 91' lang='lat' dir='ltr'>et</span> <span class='ocrx_word' id='word_1_276' title='bbox 1023 3962 1102 4025; x_wconf 85' lang='lat' dir='ltr'>clari</span> <span class='ocrx_word' id='word_1_277' title='bbox 1126 3961 1265 4026; x_wconf 90' lang='lat' dir='ltr'>fuerunt</span> <span class='ocrx_word' id='word_1_278' title='bbox 1288 3963 1322 4026; x_wconf 93' lang='lat' dir='ltr'>et</span> 
     </span>
     <span class='ocr_line' id='line_1_36' title="bbox 148 4068 1323 4149; baseline -0.001 -16"><span class='ocrx_word' id='word_1_279' title='bbox 148 4069 248 4133; x_wconf 82' lang='lat' dir='ltr'>autea</span> <span class='ocrx_word' id='word_1_280' title='bbox 273 4069 407 4133; x_wconf 88' lang='lat' dir='ltr'>fuerant</span> <span class='ocrx_word' id='word_1_281' title='bbox 430 4087 493 4131; x_wconf 88' lang='lat' dir='ltr'>nec</span> <span class='ocrx_word' id='word_1_282' title='bbox 524 4068 643 4149; x_wconf 88' lang='lat' dir='ltr'>postea</span> <span class='ocrx_word' id='word_1_283' title='bbox 673 4068 889 4131; x_wconf 84' lang='lat' dir='ltr'>defecerunt‘</span> <span class='ocrx_word' id='word_1_284' title='bbox 925 4068 1015 4131; x_wconf 86' lang='lat' dir='ltr'>idern</span> <span class='ocrx_word' id='word_1_285' title='bbox 1047 4071 1116 4131; x_wconf 84' lang='lat' dir='ltr'>fere</span> <span class='ocrx_word' id='word_1_286' title='bbox 1143 4069 1234 4136; x_wconf 84' lang='grc'><strong>7,23.</strong></span> <span class='ocrx_word' id='word_1_287' title='bbox 1261 4068 1323 4132; x_wconf 89' lang='lat' dir='ltr'>De·</span> 
     </span>
     <span class='ocr_line' id='line_1_37' title="bbox 149 4173 1321 4256; baseline 0.002 -20"><span class='ocrx_word' id='word_1_288' title='bbox 149 4173 340 4237; x_wconf 88' lang='lat' dir='ltr'>mosthenes</span> <span class='ocrx_word' id='word_1_289' title='bbox 371 4193 446 4237; x_wconf 89' lang='lat' dir='ltr'>cum</span> <span class='ocrx_word' id='word_1_290' title='bbox 478 4173 549 4237; x_wconf 87' lang='lat' dir='ltr'>aliis</span> <span class='ocrx_word' id='word_1_291' title='bbox 584 4175 800 4256; x_wconf 88' lang='lat' dir='ltr'>comparatur</span> <span class='ocrx_word' id='word_1_292' title='bbox 836 4174 1022 4237; x_wconf 85' lang='lat' dir='ltr'>oratoribus</span> <span class='ocrx_word' id='word_1_293' title='bbox 1054 4178 1137 4239; x_wconf 87' lang='lat' dir='ltr'>orat.</span> <span class='ocrx_word' id='word_1_294' title='bbox 1172 4176 1321 4254; x_wconf 70' lang='lat' dir='ltr'>anilo:</span> 
     </span>
     <span class='ocr_line' id='line_1_38' title="bbox 148 4278 1321 4363; baseline 0.004 -23"><span class='ocrx_word' id='word_1_295' title='bbox 148 4278 247 4354; x_wconf 90' lang='lat' dir='ltr'>,Nihil</span> <span class='ocrx_word' id='word_1_296' title='bbox 259 4278 377 4360; x_wconf 81' lang='lat' dir='ltr'>Lysiae</span> <span class='ocrx_word' id='word_1_297' title='bbox 391 4279 573 4343; x_wconf 83' lang='lat' dir='ltr'>subtilitate</span> <span class='ocrx_word' id='word_1_298' title='bbox 587 4279 682 4357; x_wconf 82' lang='lat' dir='ltr'>cedit,</span> <span class='ocrx_word' id='word_1_299' title='bbox 695 4279 773 4342; x_wconf 91' lang='lat' dir='ltr'>nihil</span> <span class='ocrx_word' id='word_1_300' title='bbox 790 4279 927 4359; x_wconf 82' lang='lat' dir='ltr'>argutiis</span> <span class='ocrx_word' id='word_1_301' title='bbox 940 4283 973 4342; x_wconf 91' lang='lat' dir='ltr'>et</span> <span class='ocrx_word' id='word_1_302' title='bbox 986 4281 1141 4343; x_wconf 86' lang='lat' dir='ltr'>acumine</span> <span class='ocrx_word' id='word_1_303' title='bbox 1152 4280 1321 4363; x_wconf 83' lang='lat' dir='ltr'>Hyperidi,</span> 
     </span>
     <span class='ocr_line' id='line_1_39' title="bbox 148 4383 1321 4468; baseline 0.007 -24"><span class='ocrx_word' id='word_1_304' title='bbox 148 4384 228 4446; x_wconf 92' lang='lat' dir='ltr'>nibil</span> <span class='ocrx_word' id='word_1_305' title='bbox 251 4383 457 4468; x_wconf 75' lang='lat' dir='ltr'>laevitatettt</span> <span class='ocrx_word' id='word_1_306' title='bbox 485 4385 641 4448; x_wconf 88' lang='lat' dir='ltr'>Aeschini</span> <span class='ocrx_word' id='word_1_307' title='bbox 675 4388 707 4448; x_wconf 91' lang='lat' dir='ltr'>et</span> <span class='ocrx_word' id='word_1_308' title='bbox 738 4385 917 4468; x_wconf 89' lang='lat' dir='ltr'>splendore</span> <span class='ocrx_word' id='word_1_309' title='bbox 948 4387 1148 4451; x_wconf 81' lang='lat' dir='ltr'>verborum‘</span> <span class='ocrx_word' id='word_1_310' title='bbox 1196 4387 1321 4452; x_wconf 90' lang='lat' dir='ltr'>Omnes</span> 
     </span>
    </p>
   </div>
   <div class='ocr_carea' id='block_1_6' title="bbox 0 0 1554 4809">
    <p class='ocr_par' dir='ltr' id='par_1_10' title="bbox 0 0 1554 4809">
     <span class='ocr_line' id='line_1_40' title="bbox 0 0 1554 4809; baseline 0 1"><span class='ocrx_word' id='word_1_311' title='bbox 0 0 1554 4809; x_wconf 95' lang='lat' dir='ltr'> </span> 
     </span>
    </p>
   </div>
  </div>
 </body>
</html>
