3100 4809
617 230 857 295 -104-

146 408 335 488 mostheni,
367 426 573 491 quemquam
611 408 779 472 dissimilis
821 411 872 472 esi
912 408 1062 488 (3o‚138
1103 411 1136 476 et
1164 408 1323 488 82‚285).

149 514 241 583 Brui.
255 515 307 593 84,
318 516 382 579 290
400 534 476 579 eum
490 515 629 578 dicendo
641 515 846 580 audientium
866 516 995 579 unimus
1009 516 1047 579 ui
1059 515 1158 597 veliet
1171 515 1324 579 movisse.

240 621 491 686 Demetrius
509 618 782 707 Μοςιιεεχάριν
795 622 971 705 Hyperidis
988 622 1105 686 laudat
1122 643 1175 704 ap.
1191 622 1323 704 Dionys.

153 729 194 792 de
218 727 374 793 Dinarch.
388 766 392 774 ·
408 747 435 792 c.
462 731 476 793 1
512 750 543 811 p.
570 730 630 794 631
670 729 700 793 R
730 725 931 814 <Δείνοιρχος>
958 726 1043 792 οὐδὲν
1074 724 1240 791 ἀπολείπων
1272 738 1325 814 τῆς

153 829 320 917 Ὑπερείδου
351 841 482 919 χάριτος,
511 871 546 881 -
574 836 621 899 De
657 836 833 900 viriuiibus
868 835 1044 920 Hyperidis
1076 835 1117 899 cf.
1149 837 1326 919 praeierea

150 942 316 1042 (Longin.)
329 937 453 1026 περὶύψ.
468 960 493 1007 c.
509 944 550 1007 34
565 944 598 1006 ei
611 941 699 1006 Binis
714 945 779 1037 Ait.
800 942 1049 1007 Beredsamkeit
1064 942 1185 1026 ssmp.
1197 944 1238 1007 22
1252 960 1324 1023 sqq.
1372 977 1375 984 ι
1446 951 1451 954 ·
1536 939 1537 952 ’

717 1105 768 1169 VI.

597 1228 653 1296 De
676 1228 880 1296 Aeschine.
935 1309 938 1314 Ι
994 1274 996 1277 >
1045 1267 1048 1273 n

239 1353 416 1437 Dionysius
430 1356 462 1418 in
471 1357 622 1419 velerum
633 1334 780 1418 'censura
792 1334 818 1418 ἀ.
830 1355 848 1415 5
861 1376 891 1437 p.
902 1354 1005 1419 434ss
1016 1355 1056 1419 de
1067 1354 1232 1419 Aeschine
1243 1354 1328 1417 haec

152 1460 287 1524 exhibet
299 1460 411 1542 (Usen.
421 1483 452 1544 p.
466 1462 517 1542 13)
529 1483 535 1524 :
551 1457 585 1522 Ὁ
594 1461 626 1522 δέ
637 1456 777 1545 Αἰσχίνης
790 1458 968 1543 ἀτονώτερος
977 1464 1029 1544 μέν
1037 1470 1086 1523 τοῦ
1094 1457 1330 1545 Δημοσθενικοῦ,

151 1563 180 1628 ἐν
200 1565 232 1628 δέ
251 1575 287 1649 τη
307 1576 362 1629 τῶν
383 1567 490 1639 λέξεων
504 1564 614 1650 ἐκλογη
627 1569 775 1651 πομπικὸς
788 1564 852 1651 ἅμα
863 1562 915 1630 καὶ
927 1566 984 1629 δειν
996 1564 1046 1638 σ’ς·
1068 1568 1121 1629 καὶ
1137 1561 1170 1628 οὐ
1186 1569 1261 1627 πάνυ
1278 1569 1330 1650 μέν

150 1672 292 1759 ἔντεχνος,
317 1682 353 1757 τη
369 1673 401 1736 δὲ
416 1679 499 1758 παρά
515 1685 567 1761 της
582 1677 698 1761 φῦσεως
713 1669 850 1758 εὐχερείᾳ
865 1677 1122 1759 κεχορηγημένος
1147 1674 1199 1735 καὶ
1214 1671 1330 1758 σφόδρα

150 1775 269 1864 ἐνεργὴς
295 1782 347 1843 καὶ
371 1781 464 1864 βαρὺς
485 1777 536 1843 καὶ
559 1777 715 1866 αὐξητικὸς
737 1782 790 1842 καὶ
812 1776 934 1862 πικρός·
957 1782 1009 1842 καὶ
1032 1776 1106 1864 ἡδὺς
1129 1782 1180 1861 μέν
1204 1774 1331 1841 αὐτόθεν

152 1882 314 1971 ἐντυχόντι,
345 1888 476 1975 σφοδρὸς
504 1888 529 1949 δ’
561 1885 737 1960 ἐξετασθείς.
783 1887 876 1960 hiem
907 1887 945 1958 in
971 1887 1054 1950 libro
1085 1887 1125 1950 de
1160 1886 1331 1950 Demosth-

153 2013 181 2061 ο.
200 1995 241 2058 35
254 2015 289 2078 p.
308 1997 393 2060 1063
408 1996 457 2059 R:
482 1992 522 2058 ὧν
539 1995 821 2072 (adversariorum
839 1994 1086 2071 Demosthenis)
1103 1990 1138 2078 ἡν
1155 1988 1300 2078 Αἰσχίνης
1315 1987 1332 2053 ὁ

152 2096 259 2185 ῥητωρ,
284 2098 359 2189 ἀνὴρ
383 2104 574 2188 λαμπροτάτῃ
598 2099 682 2189 φύσει
704 2104 769 2185 περὶ
793 2100 899 2181 λόγους
915 2105 1120 2187 χρησάμενος,
1144 2101 1177 2172 ὃς
1200 2096 1234 2163 οὐ
1257 2100 1331 2181 πολὺ

153 2204 187 2270 ἀν
218 2205 339 2294 ἀπέχειν
368 2209 451 2272 δοκεῖ
479 2220 534 2272 τῶν
564 2208 664 2272 ἀλλων
696 2205 826 2295 ῥητόρων
856 2211 918 2271 καὶ
948 2212 1043 2300 μετὰ
1072 2205 1332 2295 Δημοσθένην

38 2327 42 2331 “
154 2311 327 2401 μηδενὸς
350 2316 533 2400 δεῦτερος
557 2315 841 2401 ἀριθμεῖσθαι.
888 2337 918 2380 r.
933 2316 1110 2381 Biafs1112
1134 2317 1242 2398 phul
1259 2335 1331 2397 sqq.

243 2423 311 2487 Iam
348 2426 384 2488 ui
415 2424 456 2487 de
487 2424 635 2488 fontibus
660 2444 838 2506 quaeram,
870 2424 1075 2506 scripserunt
1099 2424 1140 2486 de
1164 2421 1331 2487 Aeschine

154 2529 394 2593 Demetrius
420 2531 671 2608 Ρλιολειοωε,
705 2531 967 2594 Idomeneus
989 2530 1328 2612 Lampsacenus,

155 2636 420 2720 Hermippus
446 2638 578 2719 aliique,
604 2638 696 2700 cuius
721 2638 767 2702 rei
785 2637 1084 2700 luculentissimum
1106 2635 1333 2701 iesiimonium

158 2743 351 2826 suppeditat
383 2744 539 2808 Scholion
570 2743 795 2808 Aeschineum
829 2743 1202 2826 (Baiter-Sauppe
1228 2763 1260 2824 p.
1279 2743 1332 2819 26,

157 2850 331 2914 Schultz
355 2851 529 2914 Aeschinis
553 2871 600 2919 or.
620 2874 652 2934 p.
667 2851 717 2933 6):
738 2847 807 2912 Ὅτι
823 2851 965 2935 μαθητὴς
981 2846 1091 2929 ἐγένετο
1108 2849 1330 2931 (Aeschines),

157 2953 198 3028 ὡς
214 2959 266 3041 μέν
281 2955 510 3044 Δημήτριος
534 2954 549 3019 ὁ
574 2954 605 3018 Φ
615 2956 688 3043 αλη
698 2979 714 3040 ρ
724 2954 789 3029 εὐς
811 2978 883 3044 φησι
898 2954 1076 3040 Σωκράτους
1091 2965 1142 3019 τοῦ
1156 2951 1331 3042 φιλοσόφου,

157 3060 214 3126 εἷθ’
231 3060 348 3149 ὕστερον
364 3074 414 3127 τοῦ
431 3062 637 3142 Πλάτωνος*)·
654 3060 739 3136 ὡςδὲ
756 3061 967 3141 Καικίλιος
982 3065 1034 3126 καὶ
1049 3059 1266 3147 Ἰδομενεὺς
1281 3064 1334 3125 καὶ

152 3167 378 3255 Ἕρμιππος
399 3167 569 3272 ἱστοροῦσιν,
603 3167 658 3233 οὐκ
681 3169 793 3257 ἤκουσε
815 3167 922 3232 τούτων
946 3180 1001 3231 τῶν
1032 3168 1144 3253 ἀνδρῶν
1168 3170 1334 3253 μαάησεως

156 3280 261 3362 χάΡῑΨ
293 3281 365 3365 φασὶ
395 3283 471 3361 idi),
505 3274 547 3349 ὡς
577 3275 619 3339 ὅτ’·
647 3274 729 3339 Οὐδὲν
762 3286 814 3340 τοῦ
842 3286 1037 3361 χαρακτῆρος
1066 3285 1117 3339 τοῦ
1140 3273 1334 3337 Πλατωνικοῦ
1422 3287 1424 3291 ·
1543 3297 1544 3300 “

155 3386 252 3460 σώζει,
277 3380 342 3448 οὐτε
366 3388 398 3447 τὸ
422 3383 543 3468 ἀκριβὲς
566 3386 619 3447 καὶ
641 3385 782 3468 καθαρὸν
806 3380 871 3446 οὐτε
896 3386 927 3445 τὸ
951 3379 1029 3467 (οὐτε
1053 3385 1085 3443 τὸ
1102 3382 1178 3446 add.
1196 3381 1331 3462 Reiske)

156 3489 304 3575 ἀπέριττον
327 3496 379 3554 καὶ
402 3488 561 3575 εὔρυθμον,
587 3489 686 3554 ἀλλά
708 3494 904 3576 κεχηνυῖά
926 3493 988 3561 πῶς
1013 3485 1087 3550 ἐστιν
1110 3483 1201 3551 αὐτοῦ
1224 3484 1243 3573 ἡ
1265 3485 1331 3549 ἰ’δέοι

156 3606 205 3662 τοῦ
228 3601 317 3678 λόγου
340 3601 392 3662 καὶ
415 3598 585 3684 ἀτεχνος
607 3601 659 3682 μὲν
682 3600 734 3661 καὶ
764 3599 962 3681 προπετὴς
992 3598 1044 3657 καὶ
1077 3591 1208 3681 εὐχερῶς
1231 3591 1277 3657 ἐπὶ
1300 3595 1332 3655 τὸ

157 3704 299 3788 λοιδορεῖν
323 3701 458 3789 αἰσχρῶς
480 3707 532 3766 καὶ
555 3702 693 3787 ἀπρεπῶς
716 3701 816 3790 ῥήτορι
840 3700 1011 3787 ἐξαγομένη,
1036 3700 1150 3786 ἔχουσα
1172 3700 1206 3762 δέ
1229 3723 1254 3762 τι
1277 3696 1333 3764 εὐ-

155 3814 248 3897 φυὲς
271 3813 322 3874 καὶ
346 3807 546 3892 εὐάγωγον
568 3813 621 3873 καὶ
637 3807 698 3871 οἷον
713 3808 748 3871 ἀν
765 3807 875 3889 γένοιτό
899 3831 950 3872 τινι
974 3805 1015 3870 ἐκ
1038 3804 1188 3894 φάσεως
1210 3809 1262 3870 καὶ
1285 3828 1334 3891 με·

156 3917 246 4001 λέτης
269 3914 408 4003 ἀφανοῦς.
783 3914 785 3917 ’

245 4022 416 4086 Summam
429 4043 504 4087 curn
517 4023 661 4105 Dionysii
675 4024 795 4087 iudicio
806 4042 990 4102 congruere
1003 4024 1119 4087 elucet.
1146 4024 1254 4104 Aique
1271 4021 1335 4085 hoc

158 4124 292 4216 quoque
316 4128 540 4194 lucrificamur
564 4129 707 4192 vitarum
732 4131 888 4193 auctores
913 4149 1019 4211 genus
1043 4128 1173 4192 dicendi
1200 4147 1335 4192 accura-

158 4245 368 4252 ——m

248 4287 274 4354 *λ
293 4286 446 4340 Socraticus
474 4285 619 4339 Aeschines
646 4303 707 4340 eum
732 4290 844 4350 nostro,
871 4304 953 4355 quem
980 4306 1014 4342 ne
1038 4288 1156 4341 Socratis
1177 4287 1333 4341 auditorem

158 4371 242 4429 fuisse
262 4378 386 4443 putemus
406 4377 559 4442 temporum
578 4373 648 4427 ratio
668 4375 766 4438 obstat,
786 4375 915 4428 confusus
933 4391 992 4430 esse
1012 4376 1126 4430 videtur.
