3100 4809
618 211 861 277 -102-

154 390 267 456 omnia
289 389 428 473 perinde
451 392 540 469 sunt,
563 392 601 453 ut
625 392 780 472 aguntur.
827 390 933 468 Actia,
961 390 1108 473 inquam,
1131 389 1164 453 in
1189 387 1328 452 dicendo

155 518 224 581 una
240 497 442 563 dominatur.
469 496 547 561 Sine
563 496 628 561 hac
644 517 795 562 summus
812 499 924 562 orator
940 517 1014 561 esse
1030 498 1063 560 in
1081 516 1220 560 numero
1236 496 1328 560 nullo

156 606 275 691 potest,
293 604 467 669 mediocris
480 604 544 669 hac
560 605 743 669 instructus
758 625 906 668 summos
924 625 1025 687 saepe
1041 623 1214 687 superare.
1243 602 1329 666 Huic

155 714 281 800 primas
304 711 437 776 dedisse
460 711 704 776 Demosthenes
721 711 848 791 dicitur,
873 732 974 793 quum
992 713 1177 792 rogaretur,
1201 710 1278 792 qnid
1295 709 1329 772 in

155 820 295 886 dicendo
312 818 402 883 esset
417 819 577 901 primum;
595 819 671 883 huic
687 820 866 900 secundas,
883 818 960 882 huic
979 819 1101 882 tertias.
1114 865 1141 879 ..
1159 865 1165 877 .
1183 816 1329 895 Quanto,

154 925 489 1011 inquit(Aeschines),
500 925 816 1013 magismiraremini
826 925 983 1006 (Rhodii),
995 924 1328 1004 siaudissetisipsum

153 1033 452 1117 (Demosthenem).
500 1033 623 1097 Eadem
648 1032 718 1097 iere
743 1034 827 1100 orat.
854 1035 905 1107 17,
918 1035 970 1110 56,
995 1031 1087 1097 Brut.
1113 1032 1248 1113 antra.

241 1139 328 1218 Quin
360 1139 459 1204 etiam
482 1139 524 1204 de
548 1139 685 1220 singulis
716 1140 906 1203 orationum
939 1141 1091 1222 partibus
1123 1137 1329 1220 disputatum

153 1248 257 1320 fuisse
279 1246 420 1324 videtur,
444 1246 506 1310 nisi
530 1266 616 1328 quae
640 1248 723 1311 orat.
749 1248 780 1326 8,
792 1249 834 1310 26
858 1248 969 1324 tradit,
993 1247 1097 1330 ipsius
1120 1242 1204 1311 Tulli
1235 1243 1329 1308 sunt:

155 1357 282 1438 ,Itaque
312 1351 377 1428 hic,
410 1371 510 1434 quem
541 1354 749 1435 praestitisse
781 1354 922 1417 diximus
954 1354 1083 1431 ceteris
1118 1354 1152 1417 in
1183 1353 1239 1416 illa
1270 1368 1331 1434 pro

151 1460 370 1556 ctesiphonte
386 1460 537 1523 oratione
555 1458 653 1539 longe
668 1460 794 1543 optima
811 1460 1020 1523 summissius
1035 1481 1051 1524 a
1068 1461 1186 1544 primo,
1201 1456 1331 1525 deinde,

154 1567 232 1632 dum
247 1567 288 1630 de
298 1566 427 1647 legibus
440 1566 599 1650 disputat,
613 1567 771 1649 pressius
784 1569 859 1649 post
869 1568 992 1630 sensim
1002 1567 1185 1631 incendens
1194 1567 1330 1641 iudices

154 1676 192 1738 ut
214 1673 294 1738 vidit
317 1672 488 1744 ardentes,
512 1672 545 1735 in
569 1672 703 1755 reliquis
728 1673 905 1738 exsultavit
929 1674 1112 1739 audacius‘
1146 1674 1186 1738 cf.
1210 1674 1228 1755 g
1256 1675 1329 1738 133.

153 1781 321 1846 Ciceronis
345 1800 478 1863 quoque
502 1780 691 1844 testimonio
715 1781 978 1845 Mendemum
1004 1785 1037 1846 et
1061 1780 1329 1845 Charmadam

153 1887 195 1951 de
219 1886 454 1952 Demosthenis
478 1888 684 1951 orationibus
715 1888 913 1952 disseruisse
938 1889 1139 1972 accc-pimus
1172 1890 1213 1953 de
1244 1890 1328 1952 orat.

154 1996 236 2077 119,
247 1996 290 2060 88
314 2015 387 2078 sqq.
427 1993 662 2058 Demosthenis
686 1995 934 2078 locupletissimi
959 1999 1056 2060 erant
1080 1995 1206 2061 iudices
1229 1996 1329 2074 civeS,

154 2100 209 2183 qui
225 2102 394 2165 orationes
412 2101 596 2165 audiebant
612 2103 646 2165 et
662 2101 926 2167 admirabantur.
951 2104 1062 2169 Secuti
1075 2107 1155 2168 sunt
1166 2104 1328 2183 rhetores,

153 2207 209 2291 qui
234 2208 371 2272 virtutes
396 2208 560 2272 oratorias
576 2209 766 2292 praeceptis
784 2208 958 2274 rhetoricis
975 2211 1246 2294 ponderaverunt
1264 2210 1330 2274 De·

153 2314 387 2397 mosthenique
410 2316 556 2398 palmam
580 2315 749 2399 perfectae
774 2317 986 2399 eloquentiae
1017 2318 1228 2382 tribuendam
1253 2336 1328 2381 esse

139 2441 270 2485 omnes
294 2421 365 2486 lere
389 2425 653 2508 consenserunt3
684 2425 781 2488 erant
815 2424 951 2506 quidam
982 2426 1036 2507 qui
1068 2426 1328 2490 adversarentur

153 2549 256 2593 unam
280 2529 463 2593 alteramve
486 2533 618 2613 partem
642 2531 678 2594 ut
708 2532 820 2593 minus
852 2530 1036 2613 perfectam
1068 2536 1125 2597 aut
1149 2533 1246 2596 nimis
1270 2552 1328 2597 ex·

152 2636 345 2718 aggeratam
370 2637 591 2717 exagitantes,
622 2638 681 2700 sed
712 2639 857 2719 speciem
892 2639 1143 2704 obtrectationis
1168 2644 1202 2705 et
1227 2638 1328 2702 cavil-

151 2743 284 2808 lationis
307 2743 393 2807 male
418 2746 589 2810 caverunt.
617 2743 794 2826 Dionysius
818 2744 1043 2808 studiosorum
1060 2747 1175 2827 partes
1192 2747 1327 2809 secutus

153 2848 194 2913 de
218 2848 452 2914 Demosthenis
483 2868 606 2931 genere
635 2850 765 2913 dicendi
790 2850 834 2913 ita
859 2850 1051 2933 disputavit,
1083 2854 1120 2916 ut
1150 2873 1220 2916 rem
1253 2853 1328 2917 usui

153 2956 344 3021 scholarum
368 2958 586 3041 (quamquam
608 2957 649 3020 de
666 2957 836 3021 Demosth.
866 2977 893 3021 c.
918 2960 960 3022 46
986 2980 1017 3041 ρ.
1046 2961 1129 3024 1099
1153 2955 1327 3045 ὑπομνημα-

151 3063 270 3147 nopnbc
287 3084 366 3127 suos
383 3063 522 3146 opponit
537 3061 692 3146 σχολικοῖς
707 3064 908 3149 χαρακτῆρσι)
930 3067 1200 3131 accommodaret
1219 3086 1326 3131 exeru-

152 3169 215 3252 plis
230 3171 484 3254 praeceptisque
497 3170 709 3253 interpositis
718 3171 795 3234 novi
806 3171 944 3254 paulum
958 3173 1138 3237 admodum
1151 3175 1326 3257 proferret.

151 3277 315 3359 Imprimis
339 3297 414 3340 cum
438 3276 597 3340 Cicerone
622 3278 797 3357 consentit,
822 3296 922 3358 quem
946 3283 980 3342 et
1010 3279 1118 3362 ipsum
1148 3282 1184 3343 in
1214 3280 1326 3359 Asia*)

152 3387 185 3448 et
208 3384 349 3448 Athenis
380 3384 565 3447 studiorum
597 3403 700 3448 causa
730 3385 901 3447 versatum
933 3405 1006 3448 esse
1037 3386 1327 3469 nobilissimosque

151 3490 305 3555 doctores
331 3489 498 3554 audivisse
523 3493 653 3554 constat
677 3491 782 3573 (Brut.
807 3491 929 3574 5315),
954 3493 990 3556 ut
1013 3499 1147 3576 praeter
1172 3498 1326 3561 auctores

152 3615 239 3679 quos
263 3596 357 3661 attuli
382 3595 483 3660 aliurn
514 3615 577 3660 nec
600 3599 734 3661 tenuem
758 3597 887 3661 fontem
920 3618 960 3662 ex
991 3597 1121 3663 illarum
1153 3601 1327 3683 regionum

151 3705 343 3770 doctoribus
367 3705 400 3767 et
424 3704 544 3767 criticis
568 3704 788 3786 repetendum
807 3725 881 3768 esse
906 3725 973 3768 non
999 3706 1145 3770 absurde
1170 3708 1325 3772 conicias.

591 3969 646 4037 De
670 3864 876 4055 leperide.

243 4092 434 4175 Dionysium
459 4095 600 4157 alteram
624 4097 754 4177 partem
778 4097 820 4161 de
849 4100 1019 4164 veteribus
1051 4101 1240 4164 oratoribus
1265 4100 1327 4163 ab·

151 4196 289 4261 solvisse
319 4217 422 4280 supra
445 4199 529 4273 dixi3
562 4199 603 4262 de
635 4200 861 4268 Demosthene
895 4208 1001 4271 exstat
1034 4208 1099 4289 περὶ
1131 4217 1184 4292 τῆς
1216 4205 1327 4278 λέξεως

239 4353 266 4420 *t
287 4355 320 4409 de
339 4355 568 4425 Pergamenorum
586 4356 683 4410 studiis
705 4376 729 4410 v·
750 4359 871 4416 Brzoslre
891 4381 917 4433 p.
938 4365 972 4419 57
992 4382 1053 4436 sqq.
