3100 4809
646 186 860 250 ..54-

660 435 768 519 Caput
791 436 843 501 Vl.

403 563 457 625 De
491 562 819 646 compositionis
851 561 1098 641 generibus,

167 687 262 771 (τινες
292 682 322 750 αἱ
352 691 539 767 γενικώταται
569 697 621 773 της
645 687 813 757 συνθέσεως
835 682 889 748 εἰσι
915 686 1053 771 διαφοραί
1075 686 1127 745 καί
1149 688 1190 756 τίς
1213 682 1354 770 ἑκάστης

233 792 288 863 <ὁ>
311 798 469 880 χαρακτὴρ
493 797 545 856 καί
568 796 653 856 ποίαν
676 796 833 878 κρατίστην
856 797 950 855 αὑτων
973 789 1134 877 τείθτμαν,
1160 794 1273 876 pili).

257 922 362 984 Suum
387 920 528 1002 quisque
553 940 658 1000 genus
684 920 929 1002 compositionis
954 917 1101 999 habet*),
1133 919 1169 981 ut
1193 919 1219 981 si
1244 937 1342 981 accu-

167 1031 241 1093 rate
265 1048 335 1092 rem
360 1028 599 1105 examinemus,
631 1029 713 1109 quot
736 1027 888 1091 homines
913 1028 960 1089 lot
984 1046 1108 1107 genera
1133 1026 1214 1090 artis
1238 1025 1342 1089 verbo

170 1134 389 1219 comperiendi
416 1136 601 1198 statuamus
625 1154 764 1197 necesse
789 1134 840 1198 sit.
887 1129 951 1204 Τὰς
974 1136 1069 1218 μέντοι
1092 1135 1253 1218 γενικὰς
1283 1127 1343 1193 αὒ-

169 1252 223 1327 της
246 1241 399 1327 διαρορας,
425 1241 530 1323 inquit
547 1241 722 1324 Dionysius
748 1263 780 1324 p.
799 1242 879 1322 290,
904 1237 1011 1311 ταυτας
1035 1236 1106 1301 εἶναι
1128 1240 1271 1322 πείθομαι
1291 1242 1345 1310 τὰς

169 1357 290 1432 τρεῖς,
322 1344 370 1420 αἷς
393 1344 409 1409 ὁ
433 1349 611 1432 βουλόμενος
641 1345 772 1433 ὀνόματα
801 1344 927 1433 θήσεται
950 1350 986 1408 τὰ
1009 1343 1111 1419 οἰκεῖα,
1136 1342 1250 1409 ἐπειδὰν
1278 1343 1346 1418 τοιίς

171 1479 200 1518 τε
223 1465 421 1541 χαρακτῆρας
444 1451 537 1517 αὐτων
560 1458 612 1517 καί
636 1458 688 1525 τὰς
711 1454 855 1540 διαφορὰς
879 1453 1011 1536 duchon·
1036 1451 1093 1534 ἐγὼ
1117 1458 1212 1537 μέντοι
1235 1456 1346 1535 κυρίοις

172 1559 309 1648 ὀνόμασιν
333 1560 388 1624 οὒκ
411 1560 489 1646 ’έχων
513 1558 605 1633 αὐτὰς
632 1570 877 1644 προσαγορεῦσαι,
908 1558 950 1633 ὡς
974 1560 1233 1645 ἀκατονομάστους
1255 1580 1345 1641 μετα-

175 1676 309 1755 φορικοῖς
332 1665 455 1752 ὀνόμασι
470 1670 565 1745 καλῶ,
590 1671 641 1753 τὴν
664 1672 717 1752 μὲν
741 1665 948 1753 αὐστηράν,
974 1671 1025 1752 τὴν
1041 1667 1073 1729 δὲ
1096 1667 1301 1750 γλαφυρὰν
1324 1661 1344 1749 ἢ

174 1775 318 1862 ἀνθηράν,
342 1778 393 1860 τὴν
416 1775 448 1836 δὲ
472 1772 567 1860 τρίτην
589 1781 726 1861 κοινην
750 1774 840 1858 (alibi
859 1797 930 1841 earu
949 1776 1025 1839 dicii
1043 1771 1133 1860 με’σην
1150 1774 1201 1838 vel
1218 1777 1343 1857 μικτήν).

175 1885 215 1948 Et
238 1885 310 1967 ipse
334 1884 467 1967 quidem
492 1885 534 1947 de
559 1883 728 1948 Demosth.
754 1904 782 1953 c.
808 1885 849 1948 36
874 1884 970 1949 dicit:
1001 1879 1036 1946 Τί
1060 1884 1244 1968 θαυμαστόν,
1269 1876 1293 1942 εί
1316 1875 1347 1941 αἱ

173 2002 224 2077 της
247 1990 357 2062 λέξεως
379 1988 516 2075 ἁρμονίαι
546 1997 600 2065 t:
625 1992 793 2061 συνθέσεως
815 1991 897 2075 Ιρὲνη)
928 1999 1004 2073 τρεῖς
1025 1987 1110 2052 οὖσαι
1139 1992 1186 2051 τὐν
1218 1988 1348 2071 ἀριθμὸν

173 2094 227 2160 ουκ
256 2095 375 2181 ἔχουσιν
404 2095 543 2184 εἰλικρινῆ
573 2100 624 2183 την
648 2095 740 2181 φύσιν,
772 2094 834 2159 οὐδ’
859 2098 1051 2182 ἀνεπίμικτον,
1076 2095 1143 2159 ἀλλ’
1169 2093 1204 2158 ἐκ
1228 2104 1282 2156 των
1307 2089 1347 2163 ὡς

174 2202 221 2266 ἐπὶ
243 2208 275 2267 τὸ
298 2205 373 2267 πολὺ
397 2202 625 2291 συμβεβηκότων
648 2201 750 2277 αὐταῖς
773 2202 917 2289 ὀνόματος
938 2204 962 2266 τ’
997 2201 1131 2290 ἠξίωνται
1165 2206 1218 2265 καί
1247 2221 1348 2285 χαρα-

174 2311 335 2398 κτηρος**)
383 2313 508 2377 Deinde
533 2313 639 2376 fusius
664 2314 811 2396 disput-ut
836 2314 877 2375 de
911 2312 961 2375 his
987 2312 1093 2375 trihus
1127 2308 1347 2392 componendi

175 2422 364 2501 generibus
390 2421 446 2503 crui
469 2422 502 2483 in
527 2441 660 2503 quoque
677 2422 850 2485 floruerint
867 2425 901 2485 et
917 2421 1145 2505 praestiterint
1162 2419 1347 2497 enumerat,

175 2531 209 2591 in
233 2528 364 2591 sublimi
381 2527 628 2605 Antimachum,
653 2529 901 2611 Empedoclem,
929 2529 1117 2603 Pindarum,
1134 2526 1347 2609 Aeschylum,

175 2636 417 2719 Thucydidem,
443 2633 702 2717 Antiphontem3
728 2636 759 2697 in
778 2636 894 2699 florido
914 2635 1105 2709 Hesiodum,
1123 2635 1351 2717 Sapphonem,

176 2744 432 2825 Anacreontem,
457 2742 658 2823 Euripidem,
683 2743 864 2825 Ephorum,
888 2743 1155 2825 Theopompum,
1185 2742 1349 2804 isocra-

175 2854 276 2925 tem3
302 2850 335 2912 in
359 2849 467 2912 medio
485 2848 677 2925 Homerum,
696 2849 931 2927 Stesichorum,
950 2847 1120 2925 Alcaeum,
1138 2847 1348 2930 Sophoclem,

176 2958 391 3034 Herodotum,
428 2956 697 3029 Demosthenem,
734 2959 969 3029 Democritum,
1004 2956 1191 3032 Platonem,
1226 2955 1349 3016 hristo-

176 3067 285 3132 telem.

265 3193 441 3274 Dionysius
473 3192 570 3272 igitur
600 3191 848 3275 compositionis
880 3210 1031 3273 quoque,
1063 3208 1129 3252 non
1155 3186 1350 3251 elocutionis

178 3301 286 3376 ruodo,
323 3300 385 3363 tria
421 3320 545 3380 genero
582 3303 718 3377 statuit,
755 3303 787 3364 et
823 3303 977 3363 auctores
1013 3317 1128 3360 eorum
1158 3292 1349 3358 nominarit.

177 3408 248 3470 Hoc
271 3407 404 3489 quidem
430 3429 495 3471 non
521 3410 567 3473 ita
587 3408 696 3490 magni
723 3408 884 3471 momenti
908 3410 968 3485 est,
993 3427 1069 3468 curn
1093 3426 1111 3469 o
1133 3403 1290 3486 Dionysio
1317 3403 1351 3465 ut

179 3516 221 3578 ab
239 3515 309 3578 uliis
335 3516 455 3579 artium
480 3516 697 3599 scriptoribus
713 3516 775 3580 trio
795 3535 919 3595 genera
935 3513 1065 3577 dicendi
1082 3513 1209 3575 statuto
1226 3511 1350 3580 essent,

178 3623 372 3686 elocutionis
407 3626 519 3686 autem
545 3624 721 3707 primariae
755 3625 869 3705 portes
895 3625 1008 3685 essent
1032 3619 1149 3683 electio
1172 3618 1350 3681 verborum

178 3731 211 3793 et
235 3731 439 3811 compositio,
473 3731 561 3817 quod
597 3733 630 3793 in
664 3733 732 3794 tolo
769 3750 891 3810 genere
928 3728 1121 3792 elocutionis
1146 3726 1285 3804 valeret,
1319 3724 1351 3787 id

178 3837 386 3919 inpartibus
417 3840 564 3902 statuere
590 3840 623 3902 et
654 3839 716 3902 tria
749 3858 874 3919 genera
899 3835 1120 3918 componendi
1146 3854 1279 3916 quoque
1304 3832 1352 3895 di-

178 3945 357 4025 stinguere,
383 3947 523 4010 suhlime
547 3946 630 4029 dico,
665 3946 775 4021 tenue,
808 3944 964 4007 medium.
1011 3941 1151 4006 Gravius
1176 3943 1237 4017 est,
1263 3940 1351 4022 quod

267 4145 293 4213 *)
312 4148 388 4201 cuius
408 4145 446 4200 rei
466 4161 562 4198 causas
582 4145 660 4197 affert
680 4143 826 4212 Dionysius
846 4144 880 4196 de
900 4144 975 4195 [lem.
995 4160 1017 4195 c.
1038 4140 1081 4194 36.

267 4255 315 4317 **)
332 4253 536 4322 compositionis
556 4268 686 4320 generum
707 4251 858 4304 doctrinam
879 4251 1009 4304 hocloco
1034 4249 1088 4302 iarn
1117 4246 1201 4315 magis
1222 4245 1351 4314 Dionysio

178 4345 315 4398 firmatam
334 4359 393 4397 esse
412 4342 466 4396 iarn
485 4340 609 4397 Roelsler
628 4340 656 4394 ni
676 4340 754 4393 lallor
774 4339 887 4393 monuit.
