3100 4809
714 261 928 326 ...69-

229 436 281 497 nort
303 438 421 517 προσέτι
444 431 554 507 τοότοις
575 439 607 498 τὸ
631 436 707 499 λεῖον
732 447 785 523 της
807 435 964 523 ἑρμηνείας
986 439 1035 499 καὶ
1059 440 1092 499 τὸ
1116 436 1226 524 ἀμελὲς
1241 447 1294 523 της
1309 458 1404 500 κατα·
1461 495 1464 500 ,

229 551 355 628 σκεοής·
380 539 420 604 ὧν
443 540 571 628 μαλιστα
594 543 637 606 δεῖ
658 552 717 616 τοῖς
740 540 788 608 ὑπ’
814 542 863 633 (P.
887 541 931 607 ἐπ’
955 545 1142 625 Markland)
1167 541 1283 607 ἐκείνων
1305 565 1406 629 προοι-

230 651 437 735 μιαζομένοις.

319 775 412 840 Haec
435 775 506 840 fere
531 775 707 860 Dionysius
741 778 861 842 artium
892 778 1070 861 scriptores
1096 778 1231 841 secutus
1255 777 1296 840 de
1327 797 1405 860 pro-

227 882 343 948 oemiis
366 883 535 966 praecipit.
583 882 659 948 Illos
688 887 927 970 ,τεγνογροίροοςι
959 884 1028 948 sive
1061 883 1328 969 ,τεχνολογοῖινταςι
1362 904 1405 948 ex

230 990 375 1072 Dionysii
392 990 496 1073 ipsius
507 990 616 1055 verbis
626 990 787 1074 imprimis
797 991 1032 1055 Isocrateos
1047 1011 1120 1055 esse
1133 989 1404 1055 verisimillimum

232 1097 292 1160 est.
340 1096 507 1161 Sednon
539 1098 642 1162 semel
677 1101 792 1163 monet
822 1100 855 1162 in
886 1098 937 1163 his
968 1098 1156 1182 praeceptis
1187 1116 1304 1162 omnes
1336 1097 1405 1182 tere

230 1201 382 1267 rhetores
407 1204 607 1274 consentire,
639 1206 675 1270 ut
705 1205 825 1269 mirum
857 1225 924 1269 non
954 1205 1017 1283 sit,
1050 1205 1077 1268 si
1109 1205 1192 1269 haee
1222 1204 1405 1288 praecepta

231 1308 378 1390 proxime
402 1310 566 1376 accedunt
589 1312 630 1376 ad
656 1311 910 1377 Aristotelis
933 1312 1119 1377 doctrinam
1142 1311 1228 1376 rhet.
1244 1310 1289 1375 Ill
1306 1312 1349 1376 14
1371 1311 1403 1375 et

220 1416 506 1482 .Anaximenis
529 1418 614 1482 rhet.
640 1439 667 1487 c.
686 1422 736 1485 29.
770 1420 928 1502 Sequitur
951 1420 1042 1504 apud
1070 1419 1281 1484 Aristotelem
1305 1438 1406 1482 accu-

228 1521 331 1587 ratior
347 1524 527 1607 disputatio
543 1526 583 1589 de
608 1527 759 1609 partibus
785 1527 908 1591 exordii
932 1530 965 1592 et
989 1527 1029 1591 de
1046 1526 1100 1590 illo
1120 1525 1238 1609 triplici
1254 1546 1404 1602 munere,

228 1631 265 1695 ut
281 1630 450 1696 auditores
467 1616 648 1698 benevolos
664 1636 809 1698 attentos
826 1634 951 1699 dociles
972 1633 1147 1711 faciamus,
1171 1636 1204 1698 et
1229 1631 1403 1714 diligenter

227 1737 441 1821 multiplicem
464 1740 636 1804 rhetorum
659 1741 846 1805 doctrinam
864 1741 1048 1815 examinat;
1074 1740 1241 1806 auditores
1258 1741 1404 1805 attentos

226 1845 337 1909 facere
369 1846 529 1929 imprimis
564 1848 724 1930 prooemii
758 1868 881 1912 munus
913 1868 987 1912 esse
1020 1848 1122 1929 negat
1150 1847 1251 1931 idque
1287 1848 1405 1913 contra

227 1951 413 2017 Isocrateos
437 1953 609 2037 disputare
633 1954 807 2038 videtur.*)

318 2075 506 2142 Confinium
552 2078 719 2161 quoddam
758 2080 845 2143 inter
875 2080 1082 2163 prooemium
1113 2082 1146 2146 et
1177 2080 1406 2146 narrationem

228 2180 422 2265 πρόθεσιν
445 2184 524 2249 dicit
556 2205 596 2249 ex
619 2185 950 2269 technographorum
979 2187 1131 2251 doctrina
1155 2186 1331 2271 Dionysius
1364 2187 1405 2253 de

229 2289 302 2373 Lys
329 2311 355 2358 c.
383 2293 422 2356 17
447 2291 466 2357 l.
492 2291 512 2356 l.
537 2293 835 2376 (propositionem).
883 2293 1033 2359 Domita
1064 2298 1296 2378 comparatam
1331 2315 1405 2360 esse

228 2397 310 2478 vult,
334 2400 370 2462 ut
394 2398 545 2481 expedite
570 2400 612 2463 ad
645 2400 875 2464 narrationem
906 2402 1055 2466 transeat
1079 2403 1193 2466 orator
1224 2401 1277 2483 (de
1301 2397 1405 2467 Thuc.

229 2524 255 2570 c.
280 2506 322 2570 20
347 2526 377 2587 p.
404 2506 468 2571 857
491 2505 544 2586 R).
592 2505 663 2570 Hoc
688 2527 822 2590 quoque
847 2507 1197 2590 ex'l'heophrasti
1228 2491 1403 2592 disciplina

227 2613 398 2677 mutuatus
415 2632 489 2678 esse
502 2613 649 2687 videtum
667 2615 854 2696 composuit
870 2615 959 2678 enim
973 2614 1191 2698 philosophus
1208 2616 1272 2697 περὶ
1287 2615 1403 2697 upote·
1497 2669 1501 2677 .

228 2739 304 2790 σεως
326 2718 561 2806 καὶδιήγήματος
583 2720 703 2785 librum
728 2725 771 2802 (v,
797 2721 948 2786 Schmidt
971 2722 1013 2786 de
1036 2720 1206 2805 Theophr.
1230 2744 1263 2806 p.
1289 2722 1353 2806 57).

565 2866 595 2930 2.
619 2864 850 2940 Narrati0‚
873 2863 1068 2951 διήγησις.

319 2989 367 3054 De
380 2989 455 3074 Lys.
468 2991 533 3057 iud.
549 3010 575 3055 o.
592 2991 631 3055 18
648 3012 679 3073 p.
692 2991 757 3055 492
769 2990 820 3055 R:
846 2986 896 3052 Ἐν
909 2988 942 3051 δὲ
952 2999 993 3072 τῷ
1005 2989 1170 3075 διηγεῖσθαι
1183 2992 1220 3052 τὰ
1235 2993 1404 3074 πράγματα,

228 3091 298 3179 ὅπερ
322 3091 403 3182 οἶμαι
426 3100 516 3182 μέρος
531 3094 669 3182 πλείστης
684 3096 774 3160 δεῖται
790 3096 941 3183 φροντίδος
955 3100 1008 3160 καὶ
1023 3099 1171 3184 ιρολακής,
1195 3093 1407 3183 ἀναμφιβόλως

228 3197 356 3287 ἡγοῦμαι
378 3201 533 3287 κράτιστον
556 3200 642 3267 αὐτὸν
673 3201 743 3267 εἶναι
773 3201 889 3267 πάντων
912 3200 1051 3290 ρητόρων,
1076 3200 1143 3287 ὅρον
1167 3225 1196 3266 τε
1219 3207 1271 3266 καὶ
1294 3208 1404 3267 κανόνα

229 3305 338 3395 ταότης
360 3306 448 3374 αὐτὸν
471 3308 680 3399 ἀποφαίνομαι.
711 3309 810 3397 οἴομαί
841 3333 879 3374 τε
902 3312 968 3375 καὶ
993 3314 1062 3384 τὰς
1092 3314 1231 3396 τέχνας
1252 3320 1322 3373 των
1345 3308 1406 3374 λό-

229 3439 320 3499 γων,
345 3414 382 3480 ἐν
405 3414 464 3491 οἷς
487 3417 644 3504 εἴρηται
667 3420 753 3503 περὶ
782 3416 1002 3505 διηγήσεως
1024 3415 1254 3499 ἀξιολόγου,
1279 3413 1348 3479 otiu
1371 3414 1407 3488 ἐξ

229 3522 362 3589 ἄλλων
387 3523 788 3611 τινῶνμᾶλλονήτων
811 3521 880 3589 ὑπὸ
898 3521 1281 3610 Λωσίοογραφεισων
1304 3520 1407 3609 εἰλη-
1496 3532 1498 3536 ’

229 3635 340 3717 φέναι
364 3636 404 3696 τὰ
435 3633 748 3718 παραγγέλματα
779 3635 850 3696 καὶ
882 3636 950 3705 τὰς
973 3630 1166 3720 οἰρορμόις.
1205 3633 1257 3694 καὶ
1287 3634 1344 3714 γὰρ
1373 3634 1406 3693 τὸ

229 3734 425 3823 σόντομον
458 3737 586 3824 μάλιστα
618 3737 702 3804 αὗται
731 3740 850 3825 ἔχουσιν
887 3735 918 3802 αἱ
947 3739 1093 3825 διηγήσεις
1121 3741 1173 3802 καὶ
1203 3741 1235 3801 τὸ
1265 3743 1406 3824 σαφές·

229 3841 362 3931 ήδεῖαί
396 3851 427 3910 τέ
451 3843 519 3910 εἰσιν
549 3844 591 3920 ὡς
613 3843 671 3933 οὐχ
703 3844 799 3930 ἕτεραι
828 3849 880 3909 καὶ
911 3847 1075 3910 πιθαναὶ
1103 3842 1156 3909 καὶ
1185 3849 1249 3931 τήν
1281 3848 1409 3907 πίστιν

229 3949 294 4037 ἅμα
317 3954 491 4040 λεληθότως
511 3959 757 4040 Ἰσονετιιρέροοσιν.
794 3954 919 4020 Contra
943 3956 1153 4020 Isocratis
1178 3954 1407 4038 praeceptum,

230 4061 267 4125 ut
279 4062 427 4126 narratio
441 4063 576 4129 concisa
591 4065 761 4148 γοόντομος)
774 4063 826 4141 sit,
841 4064 957 4145 aperte
974 4062 1218 4145 pugnatArist
1228 4059 1407 4142 oteles**)

231 4196 444 4207 —.-

320 4241 346 4308 *l
359 4241 538 4312 locupletatur
552 4243 585 4296 de
599 4242 746 4311 prooemiis
760 4242 884 4297 doctrina
896 4240 1006 4295 scholiis
1018 4239 1045 4292 in
1060 4239 1249 4293 Demosthenis
1261 4239 1408 4294 orationes.

319 4330 362 4398 **)
380 4332 415 4385 Et
440 4332 505 4386 alibi
527 4331 691 4386 Aristoteles
716 4331 843 4385 Isocratis
869 4330 968 4400 placita
993 4329 1150 4399 impugnat;
1176 4329 1209 4381 cf.
1236 4328 1347 4396 Dionys.
1375 4330 1408 4383 de

228 4423 311 4475 Isocr.
331 4421 384 4477 lud.
405 4438 426 4475 c.
447 4422 490 4487 18,
509 4422 563 4476 Cic.
583 4437 623 4475 or.
642 4421 754 4490 nulla
