3100 4809
645 222 841 295 „0-

152 412 251 491 μάτων
290 410 343 471 καὶ
378 403 419 480 εἰς
452 410 507 491 τὴν
538 403 724 469 σύνθεσιν
760 416 816 468 τῶν
852 400 1035 486 ἐκλεγέντων.
1072 407 1113 475 cf.
1146 408 1187 471 de
1219 427 1325 492 comp.

154 518 243 583 verb.
268 540 300 601 p.
317 517 382 581 404
407 516 494 597 Solu,
528 516 569 580 de
593 517 692 581 Isocr.
717 516 785 581 iud.
811 535 837 580 c.
863 516 893 579 4.
918 538 949 599 p.
969 517 1032 580 542
1056 536 1105 599 sq.
1129 516 1168 584 R.

243 656 301 722 Τόν
324 660 459 721 λεκτικόν
490 663 576 721 τόπον
610 659 749 722 similem
774 659 807 722 in
840 659 971 722 modum
997 660 1190 742 bipartitam
1214 660 1328 740 fuisse,

154 767 185 829 in
212 764 339 851 ἐκλογὴν
359 764 508 852 ὀνομάτων
526 767 558 830 et
574 762 709 827 σύνθεσιν
727 767 876 829 extrema
890 765 951 828 loci
971 765 1059 830 allati
1076 767 1180 830 verba
1197 767 1328 834 docent.

153 873 211 938 His
244 877 401 957 quattuor
434 873 530 956 quasi
562 873 724 956 capitibus
759 874 861 936 to'ius
886 873 966 936 artis
991 872 1189 946 rhetoricae,
1221 868 1331 956 εάρέσει

154 980 226 1044 dico
251 984 284 1044 et
307 976 468 1062 οἰκονομία,
493 976 604 1062 ἐκλογη
629 981 662 1043 et
685 979 834 1061 σννθὲσει,
861 979 945 1043 aliae
969 980 1181 1044 subiciuntur
1204 983 1329 1064 partes

155 1108 238 1171 quas
263 1107 304 1151 ne
330 1087 415 1150 inira
440 1088 624 1150 retractare
648 1105 787 1150 necesse
812 1087 863 1166 sit,
888 1087 941 1150 hic
966 1087 1156 1151 omittimus.

245 1230 433 1314 Simplicem
465 1229 553 1294 hanc
585 1230 617 1292 et
649 1228 840 1293 naturalem
870 1229 1017 1312 partium
1041 1229 1236 1293 divisionem
1262 1250 1329 1294 non

155 1357 252 1420 suam
277 1356 350 1400 esse
374 1337 444 1419 ipse
463 1338 606 1400 testatur
619 1335 943 1400 Halicarnassensis:
969 1330 996 1396 οἱ
1019 1336 1140 1398 παλαιοὶ
1236 1357 1330 1419 προσ-

157 1444 353 1525 αγορεόοοσιν.
391 1443 526 1525 Aliquot
551 1443 765 1525 antiquorum
791 1444 846 1525 qni
872 1445 951 1507 sunt
974 1444 1038 1507 hae
1062 1444 1102 1508 de
1127 1464 1163 1508 re
1192 1445 1346 1514 afferam⁴

157 1550 246 1613 locos
283 1549 528 1614 Volkmannum
552 1549 668 1614 Rhet.2
690 1572 721 1634 p.
748 1552 789 1614 27
814 1570 863 1632 sq.
900 1550 1019 1614 ducem
1054 1552 1199 1617 secutus,
1246 1552 1329 1615 Iso·

157 1658 301 1729 crates
334 1677 379 1722 or.
404 1657 448 1721 lV
473 1658 509 1721 9:
535 1652 565 1718 αἱ
594 1659 646 1739 μὲν
668 1656 788 1739 πράξεις
810 1652 841 1719 αἱ
863 1661 1107 1742 προγεγενημένον
1129 1660 1223 1720 κοιναὶ
1245 1667 1330 1719 πᾶσιν

157 1760 227 1848 ημῖν
250 1762 499 1850 κατελείφθησαν,
522 1766 555 1826 τό
578 1763 603 1825 δ’
629 1760 659 1825 ἐν
679 1757 776 1848 Ικαιρῷ
801 1766 918 1835 ταόταις
941 1766 1196 1849 καταχρήσασθαι
1218 1766 1269 1827 καὶ
1292 1766 1330 1825 τδι

155 1865 343 1955 προσήκοντα
375 1874 439 1954 περὶ
467 1868 596 1956 ἑκάστης
625 1864 912 1958 ἐνθομηθηναι
944 1874 996 1934 καὶ
1030 1881 1113 1944 τοῖς
1147 1868 1329 1957 ὀνόμασιν

156 1974 197 2040 εὖ
227 1977 447 2041 διαθέσθαι
476 1989 532 2041 τῶν
563 1975 594 2042 εδ
625 1981 805 2065 φρονοόντοιν
832 1976 905 2041 ἰ’διόν
929 1974 1012 2044 ἐστιν.
1060 1980 1109 2043 Εκ
1132 1980 1184 2043 his
1208 1979 1330 2062 duplex

97 2115 102 2124 ·
158 2086 299 2149 oratoris
324 2106 446 2149 munus
471 2086 566 2150 facile
592 2086 724 2158 elicias,
756 2089 788 2148 τ“ο
812 2083 1019 2172 ἐνθομηθηναι
1043 2085 1258 2169 (πραγματικὸν
1280 2083 1331 2147 τό-

156 2193 222 2276 πον)
260 2195 292 2256 et
324 2194 358 2253 τό
393 2201 452 2264 τοῖς
481 2190 618 2278 ὀνόμασιν
653 2190 684 2256 εὖ
715 2193 880 2256 διαθέσθαι
905 2195 1049 2271 (λεκτικὸν
1073 2191 1181 2274 τόπον).
1228 2191 1331 2257 Simili

120 2349 129 2364 .
157 2298 256 2362 modo
281 2299 457 2383 Dionysius
481 2300 554 2365 loco
578 2321 681 2383 supra
706 2302 808 2365 allato
833 2304 866 2365 et
889 2301 1063 2384 permultis
1094 2300 1166 2365 eliis
1194 2304 1329 2384 νοήματα

158 2407 222 2485 (καὶ
244 2402 452 2491 ἐνθομηματο.)
477 2403 614 2492 ὀνόμασιν
638 2408 802 2491 opposuit.
850 2407 955 2472 Porro
980 2428 999 2471 a
1024 2407 1278 2491 Thucydide
1301 2407 1330 2471 ll

159 2515 249 2594 eae
281 2514 423 2588 Pericles
457 2514 614 2578 laudatur
646 2514 747 2579 fuisse
778 2510 896 2586 obiero<
925 2512 1023 2599 ἥσσων
1058 2511 1199 2594 γνῶναί
1230 2536 1260 2576 τε
1294 2516 1330 2575 τά

157 2618 259 2681 δέοντα
282 2622 334 2681 καὶ
357 2616 601 2705 ἑρμηνεῦσαι
633 2630 739 2702 ταῦτα,
771 2622 844 2686 Vlll
868 2624 953 2702 68‚l
980 2622 1153 2705 Antiphon
1176 2624 1330 2703 κράτιστος

157 2724 364 2812 ἐνθομηθηναι
387 2731 539 2812 γενόμενος
562 2729 614 2789 καὶ
637 2728 656 2789 ἃ
681 2731 762 2813 γνοίη
786 2724 915 2808 sideest).
942 2728 1113 2792 Simillimo
1137 2727 1332 2791 modoAri·

159 2835 347 2899 stoteles
371 2838 434 2899 art.
459 2835 543 2899 rhet.
567 2837 611 2900 ΙΙΙ
636 2856 662 2903 c.
689 2839 703 2899 1
733 2838 841 2900 artem
866 2836 995 2899 dividit:
1020 2830 1054 2897 ui
1078 2838 1135 2917 γάρ
1159 2832 1281 2918 ἀπόχρη
1297 2834 1330 2893 τὸ

157 2940 236 3026 ἔχειν
260 2942 279 3004 ἂ
304 2940 361 3003 δεῖ
383 2944 528 3022 λέγειν,
561 2939 629 3004 ἀλλ’
662 2940 776 3027 ἀνάγκη
810 2944 863 3003 καὶ
892 2951 983 3004 ταῦτα
1006 2938 1057 3014 ὡς
1080 2940 1138 3002 δεῖ
1161 2936 1256 3022 εἰπεῖν,
1280 2940 1332 3000 καὶ

158 3048 358 3131 σομβάλλεται
380 3048 477 3110 πολλά
501 3052 575 3131 πρὸς
597 3052 630 3110 τό
654 3058 778 3134 φανῆναι
801 3052 884 3110 ποῖόν
911 3069 972 3110 τινα
994 3044 1042 3110 τὸν
1065 3044 1216 3130 λόγον’-Ἣ.
1260 3047 1331 3110 Iam

161 3156 269 3238 ipsam
300 3156 445 3239 Dionysii
483 3156 697 3239 partitionem
736 3157 974 3239 deprendimus
1011 3156 1102 3239 apud
1137 3154 1331 3218 Ciceronem

160 3263 201 3327 de
224 3264 334 3346 partit.
361 3283 406 3331 or.
435 3266 449 3326 1
477 3262 494 3345 ξ
520 3266 556 3331 3;
581 3263 616 3327 C.
641 3263 677 3327 F.
710 3263 757 3342 ,ln
789 3284 855 3346 quo
886 3266 937 3328 est
968 3264 1041 3347 ipsa
1065 3263 1113 3326 vis
1138 3260 1330 3339 (oratoris)?

159 3369 194 3434 C.
211 3368 248 3433 P.
272 3371 309 3433 In
334 3375 458 3433 rebus
484 3372 518 3433 et
541 3370 574 3432 in
598 3370 748 3432 verbis
772 3372 990 3455 (πραγματικός
1014 3372 1047 3434 et
1069 3369 1205 3439 λεκτικὸς
1221 3367 1329 3446 τόπος).

160 3476 226 3539 Sed
251 3477 282 3540 et
306 3496 360 3540 res
385 3478 417 3540 et
441 3477 545 3540 verba
569 3476 837 3540 invenienda
860 3481 939 3542 sunt
962 3472 1087 3559 (εὕρεσις
1103 3478 1135 3540 et
1151 3472 1274 3559 ἐκλογη)
1299 3476 1332 3539 et

160 3583 427 3647 collocanda‘
459 3577 623 3667 (οἰκονομία
653 3587 684 3647 et
714 3580 873 3664 σύνθεσις).
918 3584 1010 3662 Quae
1034 3585 1124 3648 unde
1148 3582 1331 3667 sumpsisse

160 3690 329 3773 putandus
365 3691 416 3770 sit,
452 3689 568 3753 ultima
603 3690 751 3754 eiusdem
787 3691 886 3755 libelli
921 3692 1043 3774 pagina
1079 3690 1176 3754 docet
1206 3690 1331 3771 §1392

161 3797 347 3881 ,Expositae
368 3797 426 3861 tibi
444 3816 559 3861 omues
584 3799 663 3861 sunt
687 3798 852 3863 oratoriae
875 3799 1082 3881 partitiones,
1107 3817 1213 3880 quae
1242 3796 1332 3879 qui-

250 4028 274 4094 ⁰)
292 4029 482 4097 Thucydidem
507 4029 629 4083 imitatus
655 4046 714 4084 esse
739 4028 846 4082 videtur
872 4028 1012 4083 Cornelius
1031 4029 1119 4098 Nepos
1144 4028 1239 4082 Them.
1259 4047 1281 4082 e.
1302 4028 1332 4083 l:

161 4119 281 4172 celeriter
301 4136 371 4187 quae
391 4135 459 4185 opus
479 4126 556 4173 erant
575 4117 726 4189 reperiebat
749 4117 876 4188 (πάρεσις),
897 4119 973 4172 facile
993 4120 1088 4172 eadem
1107 4119 1230 4172 oratione
1249 4118 1331 4187 expli·

160 4209 239 4262 cahat
256 4206 408 4277 (ἑρμηνεία).

251 4295 612 4364 **)ceterumA1·istoteles
644 4296 751 4352 tertiam
778 4301 881 4367 partem
908 4296 1017 4352 statuit:
1044 4302 1097 4359 πῶς
1128 4295 1180 4368 χρὴ
1205 4296 1276 4359 τάξαι
1302 4300 1333 4350 τὰ

159 4385 225 4457 μέρη
243 4393 286 4439 τοι)
306 4384 393 4456 λόγου.
