3100 4809
661 189 880 260 ..22-

183 372 272 438 idem
295 371 337 436 de
353 370 504 454 Tlrucyd.
529 389 556 437 c.
574 371 617 436 22
641 372 791 451 (σόνθεσις
814 381 869 433 των
892 366 1052 434 ἐλαττόνων
1074 372 1127 433 καὶ
1149 373 1286 456 μειζόνων
1301 390 1357 457 po·

187 477 279 563 ρι’ων.)
325 478 373 543 Ex
404 476 587 562 posteriore
610 477 684 541 loco
707 479 848 561 apparel
871 477 955 543 hacc
979 497 1113 562 quoquc
1136 477 1180 541 ad
1203 477 1359 561 antiquos

182 585 299 650 redire.
346 583 460 666 Pergit
483 584 662 667 Dionysius
686 605 717 668 p.
737 584 795 649 18:
825 580 928 647 Ταῦτα
951 585 1106 669 (στοιχεῖα)
1137 583 1169 647 δὲ
1192 566 1358 669 Θεοδέκτης

182 695 234 779 μὲν
256 694 308 755 καὶ
330 688 537 777 Ἀριστοτέλης
565 693 618 753 καὶ
641 685 667 752 οἱ
690 699 755 753 κατ’
790 690 920 763 ἐκείνους
949 690 1202 777 φιλοσοφήσαντες
1230 688 1358 775 χρόνους

181 798 253 884 ἄχρι
284 809 369 882 τριῶν,
382 802 568 884 χπροήγαγον
597 793 728 883 ὀνόματα
760 800 812 859 καὶ
835 793 954 884 ῥήματα
977 799 1030 860 καὶ
1053 797 1233 884 συνδέσμους
1255 806 1357 881 πρωτα

182 909 257 998 μέρη
280 915 333 988 ιης
355 895 640 1095 λέξεδηηηοιουντες.
670 898 707 965 Οἱ
729 903 763 966 δὲ
786 914 847 990 μετ’
864 899 971 976 αὐτοὺς
985 908 1140 990 γενόμενοι,
1163 907 1216 967 καὶ
1230 904 1358 989 μάλιστα

181 1008 208 1077 οἱ
231 1023 285 1098 της
307 1009 440 1097 Στωικῆς
464 1034 484 1074 α
513 1007 604 1083 ε’σεως
627 1008 770 1097 ἡγεμόνες
792 1008 850 1084 ἕως
872 1017 1014 1096 τεττάρων
1029 1012 1238 1097 προυβίβασαν,
1262 1012 1357 1096 χωρί-

181 1139 282 1190 σαντες
311 1117 371 1180 όιπό
402 1128 458 1181 των
488 1116 655 1204 συνδέσμων
682 1121 719 1182 τὰ
751 1116 864 1202 ἄρθρα.
913 1114 982 1180 Εἶθ’
1006 1114 1033 1182 οἱ
1064 1121 1299 1206 μεταγενέστεροι
1321 1118 1358 1179 τό

180 1223 415 1312 προσηγορικὰ*)
438 1222 578 1296 διελόντες
600 1222 659 1287 όιπό
682 1235 738 1288 τῶν
761 1221 941 1308 ὀνοματικῶν
956 1229 1038 1288 πέντε
1055 1223 1249 1311 ἀπεφήναντο.
1269 1219 1357 1286 ‘'Ete-

181 1338 227 1417 μοι
255 1330 288 1393 δὲ
317 1333 369 1394 καὶ
399 1335 452 1403 τὰς
485 1328 666 1415 ἀντωνυμίας
697 1327 904 1405 ἀποῖεόξαντες
934 1330 993 1394 όιπό
1022 1342 1078 1393 των
1101 1327 1250 1417 όνομότων
1273 1326 1357 1392 ἕκτον

183 1446 327 1523 στοιχεῖον
350 1434 499 1524 ἐποίησαν.
556 1433 593 1499 Οἱ
616 1437 649 1500 δὲ
671 1440 783 1501 καὶτὰ
812 1434 997 1523 ἐπιρρήματα
1020 1437 1124 1501 διεῖλον
1146 1434 1206 1500 ἀπὸ
1230 1446 1285 1499 των
1308 1430 1358 1520 ῥη·
1390 1471 1392 1476 ,

180 1541 279 1630 μάτων
302 1546 355 1607 καὶ
378 1546 430 1615 τὰς
453 1545 612 1628 προθέσεις
635 1541 694 1606 ἀπὸ
717 1554 773 1606 των
797 1540 966 1630 συνδέσμων
988 1546 1040 1606 καὶ
1063 1547 1116 1614 τὰς
1139 1546 1269 1628 μετοχὰς
1298 1538 1356 1604 ἀπὸ

181 1660 236 1713 τῶν
258 1660 489 1736 προσηγορικῶν.
537 1645 574 1712 Οἱ
597 1649 629 1713 δὲ
652 1645 705 1713 καὶ
728 1648 827 1722 ἄλλας
850 1654 927 1722 τινὰς
950 1646 1113 1731 εἰσάγοντες
1143 1643 1358 1731 (εἰσαγαγόντες

182 1758 291 1822 cetera
325 1757 499 1841 participia
529 1757 714 1841 postulant)
744 1761 838 1842 τομὰς
867 1757 965 1820 πολλὰ
997 1759 1032 1819 τὰ
1063 1766 1167 1841 πρωτα
1193 1753 1284 1841 μόρια
1305 1764 1359 1839 της

181 1862 291 1935 λέξεως
322 1859 473 1947 ἐποίησαν,
504 1858 577 1946 ὑπὲρ
601 1859 641 1925 ὧν
663 1859 698 1926 oi)
722 1867 828 1949 μικρὸς
855 1860 891 1926 όιν
914 1861 959 1951 εἴη
983 1859 1082 1945 λόγος.
1132 1863 1172 1929 cf.
1197 1863 1238 1926 de
1262 1862 1356 1926 Deru.

181 1990 208 2037 c.
225 1971 279 2036 48.

269 2075 510 2155 Quintilianum
541 2077 688 2161 Dionysii
723 2077 831 2142 locum
864 2079 908 2143 ad
938 2080 1077 2144 verbum
1109 2096 1218 2162 paene
1250 2077 1357 2140 trans·

180 2183 353 2268 scripsisse
383 2184 537 2268 Uptonus
577 2186 700 2267 alliquo
739 2185 996 2251 contenderunt.
1057 2184 1202 2250 Atride
1240 2179 1356 2264 piaucis

180 2291 311 2356 differre
343 2289 490 2373 Dionysii
523 2292 556 2355 el
587 2288 779 2368 Quintiliani
821 2293 1020 2375 exemplum.
1067 2289 1181 2367 Quint.
1211 2288 1226 2351 Ι
1254 2285 1354 2354 4,18;

181 2397 341 2477 ,Veteres
358 2416 497 2479 quorum
514 2397 651 2462 fuerunt
668 2397 864 2462 Aristoteles
882 2417 1016 2480 quoque
1033 2399 1134 2478 atque
1147 2392 1355 2485 Theodectes

182 2501 371 2594 [nominum
403 2502 484 2565 ordo
517 2500 703 2586 inversus],
734 2504 839 2568 verba
872 2503 970 2567 modo
1003 2507 1035 2567 ct
1059 2502 1194 2565 nomina
1219 2501 1252 2563 et
1275 2516 1356 2562 con·

180 2608 364 2673 vinctiones
389 2608 617 2675 tradiderunt:
652 2609 869 2674 videlicet
892 2610 1000 2691 quod
1027 2609 1065 2674 in
1091 2607 1239 2672 verbis
1272 2604 1353 2668 vim

181 2715 404 2794 sermoniS,
429 2715 469 2778 in
494 2715 742 2779 nominibus
767 2713 1185 2797 materiam**)·-quia
1209 2714 1352 2778 alterum

181 2822 345 2904 estquod
375 2821 551 2903 loquimur,
587 2822 725 2886 alterum
760 2822 802 2885 dc
836 2841 902 2904 quo
935 2822 1100 2905 loquimur
1126 2856 1186 2899 -‚-,
1211 2822 1244 2883 in
1276 2837 1355 2883 con-

183 2927 403 2991 vinctionibus
447 2929 559 2992 autern
597 2928 806 3012 complexum
847 2948 920 2993 esse
960 2948 1074 2993 eorum
1112 2927 1352 2992 iudicaverunt.

182 3033 346 3098 Paulatim
363 3055 383 3099 a
399 3033 607 3118 philosophis
624 3054 663 3098 ac
682 3035 825 3099 maxime
838 3035 954 3099 Stoicis
972 3037 1091 3099 auctus
1108 3037 1159 3098 est
1175 3052 1353 3098 numerus:

182 3161 219 3205 ao
243 3142 385 3223 primum
421 3140 709 3205 convinctionibus
741 3140 868 3206 articuli
899 3142 1035 3217 adiecti,
1076 3139 1352 3225 praepositiones,

182 3246 371 3311 nominibus
395 3247 588 3331 appellatio,
605 3246 725 3311 deinde
742 3268 938 3330 pronomen,
961 3248 1082 3313 deinde
1100 3248 1234 3311 mistum
1252 3246 1352 3310 verbo

181 3353 400 3437 participium,
424 3353 504 3437 ipsis
529 3353 638 3417 verbis
665 3354 846 3420 adverbia‘
907 3354 1005 3420 l'ides
1036 3355 1198 3419 nonnulla
1221 3352 1352 3418 adiecta

180 3460 276 3544 plura
307 3460 502 3534 immutata3
527 3479 613 3552 num
645 3461 686 3524 do
719 3481 781 3524 suo
812 3461 974 3526 addiderit
1005 3461 1239 3544 Quintilianus
1270 3479 1352 3525 num

181 3586 242 3631 suo
265 3565 400 3631 arbitrio
428 3566 665 3633 immutaverit.
702 3568 882 3649 quaeritur.
929 3567 1024 3648 Quid,
1056 3569 1081 3634 si
1109 3570 1289 3652 uirumque
1313 3587 1353 3632 ex

180 3671 306 3738 eisdem
329 3672 477 3736 lontibus
501 3672 657 3739 hausisse
682 3676 896 3740 statuemus?

180 3807 391 3818 ——-.u--

268 3867 293 3934 *λ
311 3867 456 3937 Dionysius
474 3869 567 3924 Thrax
586 3875 637 3924 art.
656 3886 770 3937 gramm.
791 3888 816 3941 p.
830 3870 865 3925 23
885 3872 978 3940 Uhlig:
997 3878 1041 3924 τοῦ
1060 3869 1087 3924 δὲ
1106 3869 1184 3941 ,λόγου
1207 3871 1272 3941 pipp
1292 3869 1353 3923 ἐστὶν

178 3955 259 4010 ὸκτιό·
279 3955 364 4027 ὄνομα,
383 3958 463 4029 ῥῆμα,
482 3956 589 4029 μετοχή,
608 3956 712 4029 ἄρθρον,
732 3955 880 4028 ἀντωνυμία,
900 3961 1026 4030 πρόθεσις,
1056 3959 1189 4030 ἐπίρρημα,
1209 3957 1352 4028 σύνδεσμος.

147 4035 149 4042 ’
177 4045 198 4119 ἡ
215 4048 275 4117 γὰρ
294 4046 503 4118 προσηγορία
521 4046 563 4109 ὡς
582 4042 673 4109 εἶδος
692 4053 733 4117 τῷ
752 4046 884 4117 ὀνόματι
903 4048 1141 4120 όποβόβληται.

268 4152 311 4219 “l
330 4153 398 4208 haec
416 4154 498 4208 habel
517 4153 664 4222 Dionysius
683 4167 793 4223 quoque
817 4155 871 4209 alio
889 4156 963 4215 loco,
989 4156 1023 4210 de
1046 4172 1166 4224 compos.
1192 4173 1218 4226 p.
1232 4155 1267 4211 74
1284 4155 1350 4210 Sch:

177 4244 210 4295 τὰ
232 4240 364 4311 (ὀνόματα)
388 4246 433 4313 μὲν
455 4247 505 4315 γὰρ
529 4243 575 4315 τὴν
599 4242 682 4297 οὐσίαν
705 4241 800 4316 δηλοῦν
823 4245 958 4318 (ἡγεόμην,
976 4250 1004 4299 at
1023 4244 1130 4313 Quint:
1155 4244 1350 4309 iudicaverunt,

176 4348 213 4387 sc.
233 4332 391 4389 Aristoteles
410 4339 436 4388 et
454 4333 643 4403 Theodectes),
661 4336 694 4387 τὰ
712 4331 739 4388 u
758 4333 863 4409 ῥήματα
881 4335 908 4387 τό
927 4334 1099 4407 συμβεβηκός.
