3100 4809
679 195 898 261 ..31-

305 379 352 439 τὸν
375 370 462 454 λόγον
485 368 626 461 ἐκφέρειν,
651 369 691 436 air
709 377 921 456 γὰρπαιταχῇ
937 395 968 452 γε
984 375 1017 435 τὸ
1035 369 1202 457 ἐμπερίοδον
1218 378 1373 461 χρήσιμον.

302 485 353 546 καὶ
388 477 458 544 abab
493 480 525 543 δὲ
560 490 642 544 τοῦτο
677 483 709 543 τὸ
745 481 893 564 θεώρημα
927 490 988 565 τῇ.»
1008 481 1183 566 aurdanau:
1212 478 1374 568 ἐπιστήμης

301 588 383 668 ἴδιον,
407 594 476 651 ποτε
500 587 544 649 δεῖ
566 588 702 673 χρῆσθαι
724 581 872 670 περιόδοις
886 588 938 647 καὶ
954 590 1041 669 μέχρι
1057 589 1150 648 πόοοο
1165 589 1221 649 aei
1236 591 1304 651 πότε
1321 593 1372 674 μή.

211 682 213 685 ’
242 700 277 779 b)
305 692 594 782 σχηματισμός.
641 694 727 756 Nihil
751 693 852 757 tradit
875 692 938 761 nisi
961 695 1051 773 quod
1075 714 1115 757 ex
1139 694 1248 757 vorbis
1272 695 1381 777 paulo

305 801 523 886 antepositis
549 795 649 870 ,ταύτά
673 795 817 884 εἰρήσθωι
840 794 893 888 art
916 800 1059 862 excitare
1084 801 1255 882 suscipias,

244 913 273 991 c)
305 912 536 998 μετασκεοή.
568 907 705 970 Frustra
722 906 867 988 quaeris.
892 905 1088 988 Exemplum
1106 906 1239 970 exhibet
1256 928 1287 990 p.
1303 910 1374 973 106.

306 1017 421 1081 Pauca
453 1015 524 1079 elici
556 1015 698 1099 possunt
730 1034 770 1078 ex
795 1034 826 1096 p.
845 1013 974 1091 296198,
1007 1014 1048 1077 de
1074 1014 1242 1082 Demostlr.
1269 1036 1296 1081 c.
1322 1018 1374 1093 24,

308 1143 336 1187 c.
363 1125 415 1199 ab,
441 1142 468 1186 c.
493 1122 553 1195 433
579 1121 672 1204 epist.
698 1120 739 1185 ad
763 1120 822 1185 Cn.
849 1120 965 1203 Pomp.
991 1140 1017 1184 c.
1044 1122 1074 1187 5.

291 1231 359 1293 lam
383 1229 424 1293 de
442 1228 590 1292 fontibus
607 1228 724 1291 horum
742 1229 999 1310 praeceptorum
1017 1226 1262 1308 inquirentibus
1281 1229 1375 1294 nobis

202 1336 310 1400 innuit
341 1335 575 1417 Quintilianus,
617 1335 711 1398 cuius
750 1333 959 1416 potissimum
997 1335 1136 1414 vestigia
1175 1336 1373 1417 indagemus

201 1445 321 1527 (lelt
347 1442 407 1514 ‚ne
432 1441 740 1525 compositione
764 1461 832 1503 nan
850 1440 1005 1522 equidem
1022 1442 1099 1524 post
1115 1441 1157 1509 M.
1182 1442 1372 1507 Tullium

200 1551 344 1614 scribere
375 1549 545 1628 auderem,
578 1547 630 1611 cui
662 1547 774 1611 nescio
807 1568 851 1611 an
876 1547 944 1611 ulla
973 1568 1051 1630 pars
1076 1548 1185 1631 operis
1210 1549 1309 1613 lurios
1333 1551 1375 1617 sit

176 1672 179 1678 ·
200 1656 304 1738 magis
328 1656 511 1733 elaborata,
537 1654 598 1718 nisi
619 1657 654 1719 'et
680 1654 829 1719 eiusdem
855 1655 975 1718 aetatis
1000 1654 1152 1718 liornines
1176 1656 1305 1739 scriptis
1331 1659 1373 1721 ad
1494 1681 1499 1692 ¹

199 1765 307 1848 ipsum
339 1763 438 1827 etiam
463 1762 579 1826 litteris
609 1762 858 1845 reprehendero
890 1762 922 1824 id
954 1761 1138 1825 collocandi
1162 1782 1268 1841 genus
1300 1763 1374 1827 ausi

201 1871 352 1946 luissent,
378 1870 411 1933 et
435 1872 531 1952 post
555 1888 648 1938 cnm
671 1869 818 1952 plures
843 1868 975 1932 mulla
993 1869 1033 1931 ad
1052 1870 1195 1933 eandem
1214 1882 1284 1933 'rem
1301 1890 1377 1952 per·

200 1977 340 2041 tinentia
378 1976 614 2039 tradidissenl.‘
668 1975 762 2053 Quae
798 1975 913 2039 Cicero
954 1976 1142 2040 accuratius
1182 1975 1375 2040 elaborasse

201 2085 261 2147 sibi
285 2083 438 2147 videatur
461 2082 532 2164 ipse
555 2081 681 2146 indicat
704 2103 751 2149 or.
776 2081 893 2162 §aaa
920 2082 971 2159 ‚ln
995 2082 1154 2163 quoniam
1178 2082 1302 2170 plura
1327 2084 1375 2147 de

199 2210 425 2255 numerosa
469 2189 669 2253 oratione
715 2189 893 2253 diximus
940 2189 1199 2273 (glou-225)
1243 2208 1375 2270 quam

114 2351 119 2364 .
202 2297 432 2379 quisquam
457 2298 554 2359 ante
579 2315 672 2373 οοε,
698 2316 788 2360 nunc
812 2297 853 2360 de
878 2295 949 2359 eius
974 2296 1105 2376 generis
1130 2296 1271 2359 utilitate
1288 2296 1376 2360 dice·

202 2414 298 2483 mus,
331 2403 431 2467 ctiam
463 2402 504 2466 de
528 2423 575 2469 or.
599 2403 644 2466 ΙΙΙ
667 2404 720 2484 49,
743 2404 813 2468 188.
862 2402 909 2465 De
934 2401 1232 2485 reprehensoribus
1262 2402 1302 2466 cf.
1328 2423 1374 2468 or.

204 2510 304 2593 §147
330 2515 364 2574 et
392 2511 463 2573 148.
509 2510 548 2573 In
572 2529 711 2573 numero
737 2509 864 2585 eorum,
895 2527 980 2589 quos
1011 2508 1108 2591 plura
1133 2510 1208 2591 post
1231 2507 1376 2572 Tullium

204 2617 246 2679 ad
271 2617 412 2681 eandem
436 2636 506 2680 rem
529 2616 732 2699 pertinentia
766 2615 939 2679 tradidisse
964 2615 1042 2678 dicit
1065 2614 1300 2692 Quintilianus.
1325 2618 1376 2679 est

203 2723 328 2787 forlase
353 2722 423 2806 ipse
448 2722 764 2787 Halicarnassensis
814 2722 861 2785 Ex
884 2722 1094 2785 Ciceronis
1119 2721 1219 2803 igilur
1244 2721 1375 2803 scriptis

203 2829 377 2893 rhetoricis
413 2829 573 2912 imprimis
609 2830 749 2893 materia
787 2830 838 2893 est
872 2828 1094 2909 congerenda.
1153 2826 1240 2890 Sunt
1275 2826 1373 2890 Tullii

203 2937 266 3001 loci
296 2934 543 3019 locupletissimi
575 2937 616 3000 de
647 2957 693 3000 or.
718 2936 763 3000 lIl
787 2955 814 2999 c.
840 2937 971 3000 43-55
997 2934 1028 3016 (ἓ
1050 2935 1235 3013 171-2011)
1270 2938 1305 2999 et
1328 2954 1375 2998 or.

205 3063 231 3108 c.
258 3044 400 3111 44-57.
449 3043 514 3111 Cic.
540 3043 581 3106 de
605 3063 652 3106 or.
676 3043 719 3124 lll
744 3045 797 3120 43,
818 3043 897 3106 171:
932 3041 1102 3123 ,Sequitur
1133 3040 1376 3105 continua—

204 3148 263 3212 tio
287 3150 518 3213 verborum
548 3148 615 3230 [est
645 3149 790 3227 σονθεοις,
822 3148 1003 3230 disputavit
1037 3150 1138 3212 antea
1170 3147 1211 3211 de
1241 3146 1377 3227 singulis

203 3255 338 3339 verbis],
364 3274 450 3336 quae
475 3255 560 3319 duas
590 3275 644 3319 res
675 3255 828 3334 maxime,
860 3254 1198 3319 collocationem
1223 3254 1377 3336 primum,

205 3360 324 3425 deinde
350 3381 382 3424 m
394 3362 518 3425 odom
535 3361 704 3442 quendam
729 3361 769 3424 lo
781 3381 835 3424 rm
847 3381 995 3443 amque
1012 3361 1181 3425 desiderat
1196 3360 1250 3441 (cf.
1268 3360 1376 3443 §aar

205 3466 465 3532 Collocalionem
482 3488 556 3533 esse
569 3469 716 3551 Dionysii
728 3464 872 3553 ἁρμογήν,
886 3469 1021 3532 modum
1035 3470 1067 3531 el
1081 3469 1221 3532 formam
1235 3468 1377 3533 maxime

206 3574 398 3656 conspirare
423 3594 500 3639 cum
523 3583 702 3659 μετασκεοῂ,
735 3593 822 3655 qnae
847 3570 989 3658 ἁρμονίας
1012 3575 1081 3638 sive
1105 3570 1270 3658 εὖροθμίοις
1292 3572 1378 3637 ἕνεκα

207 3683 379 3745 exercetur
402 3682 456 3763 (de
482 3702 588 3764 comp.
614 3703 646 3764 p.
667 3683 739 3760 104,
764 3684 902 3765 pilli),
926 3682 1022 3746 lacile
1048 3685 1208 3764 apparet;
1234 3682 1378 3746 conicias

206 3786 341 3867 quidem
369 3787 511 3851 formam
543 3808 616 3852 esse
647 3791 865 3872 σχηματισμόν,
897 3789 956 3852 sed
979 3789 1094 3852 Cicero
1128 3790 1308 3871 postquam
1338 3789 1379 3853 de

205 3911 345 3956 numero
370 3896 403 3957 et
427 3914 510 3957 sono
538 3894 729 3976 disputavit,
764 3894 849 3972 dixi,
883 3894 999 3977 inquit,
1031 3895 1072 3959 de
1104 3914 1245 3959 numero
1265 3899 1379 3977 'alque

207 3999 334 4068 forma.‘
361 4001 394 4063 et
417 4000 516 4082 paulo
539 4002 615 4082 post
645 4001 751 4083 pergit
775 4000 806 4083 (ᾖ
831 4003 925 4081 201);
957 4002 1004 4081 ‚ln
1034 4003 1197 4086 perpetua
1229 4003 1379 4066 oratione.

208 4123 285 4167 cum
308 4106 341 4169 et
365 4106 692 4170 coniunctionis
723 4107 892 4172 levitatem
924 4109 958 4172 et
981 4127 1251 4172 numerorum
1277 4127 1380 4190 quam

207 4196 461 4275 dixi'ralionem
486 4213 703 4288 tenuerimus
729 4215 799 4277 lum
816 4217 867 4278 est
891 4214 988 4296 quasi
1011 4214 1241 4279 luminibus
1266 4215 1380 4278 distin-

207 4318 341 4399 guenda
366 4320 399 4383 et
419 4318 663 4402 frequentanda
681 4321 787 4385 omnis
804 4321 909 4385 oratio
931 4321 1174 4386 sententiarum
1190 4325 1290 4402 alque
1306 4340 1380 4388 ver·
