3100 4809
646 193 858 259 -58,

255 367 406 436 Cicero
431 372 581 455 pluribus
605 372 684 436 loeis
709 391 815 454 genus
848 373 1041 437 historicum
1064 372 1275 455 perstringit3
1299 377 1337 438 ut

165 500 211 543 or.
230 481 352 558 2d‚66:
378 478 473 560 ,lluie
488 480 742 565 (sophistarum)
760 481 875 562 generi
892 481 1087 545 historia
1111 480 1252 545 finitima
1275 484 1336 560 est,

165 586 198 650 in
222 605 290 667 qua
316 588 348 651 et
373 588 528 651 narratur
552 589 671 652 ornato
696 591 727 653 ot
752 588 844 669 regio
869 608 972 672 saepe
997 590 1057 652 aut
1080 608 1194 671 pugna
1219 589 1338 652 descri-

164 696 270 767 bitur3
296 694 555 778 interponuntur
586 696 683 759 etiam
709 696 885 760 contiones
911 696 943 759 et
973 695 1190 764 hortationes.
1221 695 1336 759 sedin

164 803 216 865 his
243 803 350 866 tracta
374 802 541 883 quaedam
567 805 600 866 et
630 803 739 866 fluens
764 803 939 885 expetitur,
972 822 1039 865 non
1070 802 1156 865 haee
1186 805 1338 866 corilorta

165 910 199 973 et
231 910 315 972 ueris
349 910 477 972 orario:
503 946 541 953 —
575 905 745 993 ,Ἱστορινιὴν
775 904 925 991 περίοδον*
959 911 1121 973 memorat
1151 909 1336 972 Demetrius

163 1017 228 1097 περὶ
250 1011 353 1100 έρμην.
389 1018 429 1080 ru
460 1015 536 1092 (Rh.
562 1036 609 1096 gr.
634 1016 672 1079 λλ
701 1037 731 1099 p.
761 1019 801 1080 12
825 1016 909 1095 W.):
946 1013 1020 1098 Τρία
1052 1016 1084 1077 δέ
1106 1019 1175 1100 γένη
1200 1013 1339 1097 περιόδων

164 1117 249 1200 ἐστίν,
273 1117 413 1206 ἱστορινιή,
439 1120 603 1207 διαλογιιιή,
629 1118 780 1207 ῥητορική,
805 1118 938 1208 ἱστορικὴ
962 1125 1014 1206 μὲν
1037 1119 1057 1207 t,
1073 1127 1145 1207 μήτε
1161 1116 1338 1206 περιηγμένη

164 1229 220 1309 (ei.
245 1230 311 1295 Cic.
337 1231 500 1300 ‚contorta
525 1232 654 1310 oratio‘)
687 1234 760 1316 μήτε
793 1230 927 1315 ἀνειμένη
957 1229 1089 1316 σφόδρα,
1121 1226 1201 1290 ἀλλὰ
1233 1226 1339 1312 μεταξὺ

164 1333 291 1422 ἀμφοῖν.
322 1336 447 1400 Tribuo
472 1336 680 1418 aliquantum
697 1338 887 1402 auctoritati
912 1337 1079 1413 Demetrii,
1105 1356 1179 1399 oum
1203 1336 1268 1418 περὶ
1291 1330 1339 1415 ἑρ-

164 1447 286 1529 μηνείας
311 1443 430 1507 librum
454 1464 556 1527 supra
572 1444 739 1508 Ciceronis
765 1447 911 1508 aetatem
937 1444 1045 1508 redire
1070 1443 1242 1506 adsentior
1262 1442 1338 1504 viris

164 1551 269 1640 doctis
287 1550 320 1614 G.
340 1550 550 1616 Hammoro
580 1537 682 1625 (Uber
699 1552 844 1617 Demetr.
871 1551 986 1631 Progr.
1012 1549 1156 1615 Landsh.
1180 1550 1276 1627 1883)
1307 1549 1341 1611 et

165 1656 415 1721 Volkmanno
440 1659 506 1738 ([ιν,
532 1658 648 1721 llldller
672 1658 803 1723 Handb.
828 1660 857 1722 ll
881 1680 910 1741 p.
937 1659 1024 1736 457).

256 1784 322 1847 Sed
341 1786 376 1847 ut
392 1784 507 1866 paucis
525 1784 708 1865 absolvam,
725 1804 792 1847 non
809 1785 937 1848 invenit
955 1803 1043 1847 nova
1060 1783 1191 1847 dicendi
1215 1802 1340 1862 genera

165 1891 364 1974 Dionysius3
396 1896 429 1954 in
455 1891 693 1974 compositione
718 1893 830 1955 autem
862 1891 987 1974 primus
1022 1893 1089 1954 tres
1125 1890 1341 1954 characteres

164 1999 324 2064 statuisse
348 1999 488 2066 videtur.

651 2105 761 2189 eaput
785 2106 851 2169 vn.

166 2249 279 2326 Quae
304 2249 418 2313 ratio
443 2249 693 2314 intercedat
717 2248 1342 2330 interpulohr·amorationem

509 2360 549 2421 et
573 2378 742 2421 carmen
768 2357 1005 2440 pulchrum.

166 2486 241 2564 (πῶς
264 2486 404 2569 γράφεται
427 2482 505 2555 λέξις
528 2481 655 2567 ἄμετρος
677 2478 766 2567 ὁμοία
790 2484 874 2563 καλῷ
898 2486 1037 2567 ποιήματι
1053 2478 1072 2565 ἢ
1090 2480 1181 2565 μέλει,
1204 2482 1256 2543 καὶ
1280 2490 1343 2552 πῶς

194 2586 308 2674 ποίημά
330 2612 363 2669 γε
386 2586 405 2674 ἢ
430 2591 522 2675 μέλος
544 2593 617 2673 πεζῇ
641 2589 716 2660 λέξει
739 2589 821 2672 καλῇ
843 2591 1061 2674 παραπλήσιον,
1085 2610 1117 2672 p.
1142 2591 1205 2654 370
1219 2588 1319 2668 Son).

254 2715 353 2780 Libro
398 2717 438 2780 de
484 2717 722 2800 compositione
758 2717 937 2780 verborum
978 2714 1127 2795 adiungit
1165 2714 1342 2797 Dionysius

166 2825 397 2907 quaestionem
432 2843 635 2905 quamquam
672 2844 708 2887 re
744 2843 812 2887 non
848 2823 1002 2902 alienam,
1036 2824 1149 2886 tamen
1179 2840 1246 2884 non
1271 2823 1342 2885 arte

166 2949 240 2994 rum
266 2931 368 2995 totius
403 2930 477 2994 libri
512 2930 621 2994 indole
658 2931 914 3002 cohaerentem,
953 2929 1119 3011 quomodo
1158 2929 1342 2992 orationem

166 3038 305 3121 pulchro
340 3040 477 3103 carmini
511 3038 648 3102 similem
686 3038 845 3118 effingere
880 3037 1047 3120 possimus
1083 3038 1141 3101 aut
1175 3035 1342 3116 quomodo

166 3165 300 3209 carmen
325 3145 368 3209 ad
400 3146 561 3228 pulchrae
594 3146 751 3209 orationis
776 3144 1024 3214 similitudinem
1049 3144 1226 3208 adornare.
1272 3140 1343 3204 Hoc

167 3252 278 3317 multis
309 3252 459 3333 ignotum
493 3273 567 3316 esse
591 3252 661 3334 ipse
695 3254 839 3317 testatur
863 3252 904 3315 de
929 3270 1074 3333 compos,
1098 3271 1129 3332 p.
1149 3251 1231 3313 280:
1253 3244 1345 3308 Ὅταν

166 3358 312 3422 δὲταῦτα
335 3359 414 3441 λάβῃ
438 3380 486 3442 μοι
509 3359 603 3437 τέλος,
627 3363 691 3421 τότε
714 3356 840 3420 κάκεῖνα
857 3358 1055 3442 διεονιρινῇοαι
1077 3359 1112 3417 τὰ
1128 3358 1208 3437 παρὰ
1224 3354 1346 3424 πολλοῖς

165 3463 353 3549 ἀποροομενα
375 3463 433 3527 κτὲ.
460 3467 501 3531 ot.
526 3486 613 3548 quae
638 3488 669 3548 p.
688 3467 751 3531 380
777 3467 818 3530 de
844 3465 894 3528 his
919 3464 1056 3528 secretis
1079 3465 1190 3546 prodit
1206 3462 1345 3527 ridicula

169 3575 315 3657 quadarn
339 3575 512 3656 gravitate.

257 3700 322 3764 Sed
347 3721 389 3764 ne
413 3701 502 3764 hano
527 3700 659 3782 quidem
685 3699 917 3782 quaestionem
942 3699 1106 3778 integram
1131 3699 1250 3760 nactus
1275 3696 1347 3757 erat

167 3807 355 3891 Dionysius
389 3828 463 3871 oum
489 3828 555 3871 nou
582 3807 689 3870 solum
714 3807 747 3869 in
773 3807 926 3870 oratione
951 3825 1126 3869 numerum
1153 3823 1227 3866 esso
1252 3800 1348 3863 mulli

168 3917 247 3979 ante
264 3914 593 3980 Halicarnassensem
613 3915 800 3994 iussissent,
818 3915 877 3978 sed
895 3914 993 3978 etiarn
1012 3914 1133 3995 quilius
1147 3908 1347 3974 adiumentis

167 4025 327 4099 oratores,
366 4023 486 4104 quibus
520 4025 641 4104 poetae
682 4024 856 4086 uterentur
891 4023 923 4085 et
963 4021 1083 4102 quibus
1119 4018 1221 4081 rebus
1254 4015 1347 4079 alteri

167 4129 281 4194 alteris
320 4131 533 4213 praestarent
571 4130 686 4211 quaeri
726 4130 924 4212 temptatum
965 4127 1062 4190 esset.
1121 4125 1347 4188 Isocrates

167 4237 299 4318 quidem
325 4257 371 4300 or.
397 4237 440 4301 lX
465 4239 573 4302 8-1‘3
606 4237 807 4319 πραγματικὸν
841 4238 875 4298 et
904 4234 1038 4294 λεκτικὸν
1061 4236 1147 4293 τόπον
1172 4231 1346 4314 poetarum

168 4363 244 4408 cum
275 4343 463 4407 oratoribus
496 4345 683 4427 comparat:
717 4337 793 4403 Οἶδα
824 4344 875 4427 μὲν
905 4337 963 4414 οὖν,
995 4337 1037 4403 ὅτι
1060 4339 1193 4426 χαλεπόν
1222 4334 1348 4422 ἐστινὸ
