3100 4809
619 172 935 247 .-γγ...

793 357 847 427 111.

583 485 639 552 De
661 485 838 569 partibus
863 486 1061 554 orationis.

229 589 338 681 (ἰδέαι;
360 597 459 659 vocat
483 593 584 658 etiam
607 590 679 679 εἴδη,
704 596 781 679 μέρη
804 589 975 677 τοῦλόγου,
999 601 1131 678 στοιχεῖα
1154 590 1326 676 τοῦλόγου,
1351 591 1410 657 sed

290 700 355 765 atio
371 720 474 766 sensu
490 719 592 782 quam
610 699 644 764 in
660 700 744 764 libro
760 699 803 765 de
820 700 1059 783 compositione
1076 700 1279 777 verborum).

319 807 489 872 Afferendi
513 808 593 871 suot
615 807 682 871 duo
698 806 760 871 loci
784 806 921 872 maioris
938 807 1094 887 ambitus
1120 805 1240 889 quibus
1261 804 1409 889 Dionysii

235 917 277 981 de
312 915 464 999 pertibus
489 915 639 979 oratoriis
668 915 820 979 doctrina
845 912 1055 997 explanatur.
1109 912 1158 978 De
1182 912 1280 997 Lysia
1315 932 1342 980 c.
1369 914 1409 978 lo
1535 981 1536 986 ,

233 1044 265 1106 p.
282 1023 346 1087 489
364 1022 410 1086 R:
431 1017 498 1086 Ἵνα
521 1020 554 1082 δὲ
576 1022 627 1083 καὶ
649 1022 715 1104 περὶ
738 1030 794 1083 τῶν
816 1016 900 1082 ἰδεῶν
923 1016 1078 1106 ἐγγένηταί
1097 1040 1146 1105 μοι
1169 1022 1205 1082 τὰ
1220 1023 1409 1105 προσήκοντα
1493 1052 1496 1056 .
1535 1019 1536 1022 ’

230 1124 325 1208 εἰπεῖν,
361 1124 441 1192 ἰόσῶ
475 1131 527 1214 μὲν
556 1137 662 1192 ταῦτα·
697 1129 762 1212 περὶ
795 1126 828 1190 δέ
860 1131 1075 1212 προοιμίου
1097 1129 1164 1190 καὶ
1186 1126 1410 1213 διηγήσεων

231 1236 320 1315 (fort.
341 1232 496 1320 προοιμίου
526 1237 579 1299 καί
605 1231 809 1322 διηγήοεῶςί)
843 1239 912 1298 καί
941 1246 1013 1298 τῶν
1043 1233 1171 1299 ἄλλων
1206 1245 1323 1321 μερῶν
1350 1242 1410 1298 τοῦ

230 1341 345 1424 λόγου
371 1342 607 1427 διαλέξομαι
634 1344 687 1406 καί
715 1341 844 1428 δηλώσω
872 1346 957 1415 ποῖός
987 1346 1031 1416 τίς
1051 1339 1126 1405 ἐστιν
1158 1338 1187 1405 έν
1210 1339 1323 1425 ἑκάστη
1354 1349 1409 1402 τῶν

229 1445 313 1513 ἰδεῶν
348 1447 480 1536 δάνηρ.
515 1449 775 1536 διαιρήσομαι
810 1448 850 1512 δέ
885 1446 1022 1533 αἰιτοίς,
1047 1446 1096 1523 ὡς
1119 1447 1341 1534 Ἰσοκράτει
1371 1469 1410 1511 τε

229 1560 297 1620 καὶ
319 1567 404 1630 τοῖς
429 1567 511 1620 κατ’
529 1553 679 1621 ἐκεῖνον
703 1560 764 1620 τδν
787 1555 912 1641 ἄνδρα
934 1555 1282 1643 κοσμουμένοιςθ)
1305 1554 1408 1643 ἤρεσεν

230 1662 395 1751 ἀρξάμενος
417 1663 476 1728 ἀπὸ
499 1675 554 1729 τῶν
576 1667 742 1751 προοιμίων.
787 1666 909 1731 Omnia
932 1685 1020 1748 quae
1046 1666 1236 1748 sequuntur
1262 1683 1341 1728 eum
1368 1682 1409 1727 cx

144 1831 150 1846 ,
230 1772 444 1837 Isocratis
461 1772 599 1855 eiusque
615 1773 854 1856 discipulorum
878 1772 1027 1838 doctrina
1048 1772 1218 1855 accepisse
1232 1769 1407 1835 verisimile

233 1881 293 1957 est,
328 1899 535 1962 quamquam
567 1880 715 1963 proxime
752 1879 919 1945 accedunt
954 1879 998 1944 ad
1033 1899 1074 1943 ea
1102 1897 1188 1961 quae
1212 1876 1409 1942 Aristoteles

234 1985 285 2047 his
310 1984 351 2049 de
375 1985 528 2068 partibus
552 1987 649 2051 tertio
672 1986 750 2051 artis
775 2006 823 2052 or.
847 1986 931 2049 libro
956 1984 1099 2068 traditrt

552 2113 579 2178 1.
606 2110 853 2189 Exordium,
875 2111 1095 2194 προοίμιον.

319 2234 467 2318 Dionysii
503 2234 607 2299 verba
642 2255 728 2318 quae
764 2235 862 2300 modo
898 2236 1039 2319 apposui
1080 2235 1166 2301 haec
1202 2234 1409 2316 sequuntur:

235 2344 275 2425 (c.
291 2343 356 2419 17)
391 2337 477 2426 Φημί
511 2340 549 2427 δὴ
582 2345 697 2405 πάντων
725 2340 896 2414 δεξιώτατον
930 2338 1001 2404 εἶναι
1036 2344 1084 2405 τδν
1113 2338 1224 2428 ῥήτορα
1254 2343 1333 2404 κατὰ
1356 2343 1410 2412 τὰς

231 2445 466 2531 εἰσβολὰς**)
484 2458 541 2511 τῶν
563 2450 660 2530 λόγων
681 2452 734 2513 καί
748 2453 957 2535 χαριέστατον·
981 2447 1177 2535 ἐννοοόμενος,
1201 2444 1244 2511 δτι
1260 2446 1411 2533 ἄρξασθαι

232 2559 284 2642 μὲν
308 2554 411 2627 καλῶς
434 2549 469 2618 οἰ)
498 2551 598 2640 ῥᾴδιόν
621 2553 706 2632 ἐστιν,
729 2554 757 2620 εἰ
776 2561 810 2638 γέ
833 2580 875 2631 τις
904 2566 939 2642 τη
963 2553 1157 2644 προοηκοόση
1181 2556 1319 2643 χρησδαι
1341 2552 1409 2638 βοό·

231 2662 310 2725 λοιτο
333 2659 417 2748 ἀρχῇ
447 2664 499 2726 καί
529 2665 572 2749 μὴ
597 2665 644 2727 τὸν
666 2660 841 2750 ἐπιτυχόντα
863 2664 951 2746 λόγον
974 2660 1079 2729 εἰπεῖν·
1103 2661 1138 2729 οἰ)
1160 2668 1218 2749 γὰρ
1241 2666 1274 2727 τὸ
1297 2672 1410 2747 πρῶτον

233 2765 337 2855 ῥηθέν,
362 2767 429 2832 ἀλλ’
454 2768 471 2832 δ
494 2778 545 2833 τοῶ
567 2773 762 2855 προτεθέντος
784 2769 874 2854 λόγου
897 2771 1037 2859 μηδαμοῦ
1060 2773 1175 2858 μᾶλλον
1197 2769 1217 2858 ἢ
1245 2768 1290 2834 ἐπ’
1322 2766 1411 2833 αότοῶ

233 2870 403 2963 ὠφελήσειε,
436 2885 519 2941 τοῦτο
549 2875 632 2965 ἀρχή
662 2900 692 2941 τε
715 2882 768 2943 καὶ
791 2882 948 2967 προοίμιον.
981 2877 1040 2965 δρῶ
1065 2880 1097 2943 δέ
1119 2882 1167 2943 τὸν
1196 2874 1309 2964 ῥήτορα
1338 2887 1410 2939 πᾶσι

232 2987 425 3070 κεχρημένον,
448 2981 493 3057 οἷς
508 2979 544 3047 αἱ
565 2989 700 3071 τέχναι
723 3007 759 3049 τε
782 2986 1106 3070 παραγγέλλουσι
1128 2988 1232 3049 καὶτὰ
1247 2989 1408 3069 πράγματα

233 3090 427 3263 βουλεταιίἰ)
449 3183 514 3244 τοτὲ
537 3184 589 3268 μὲν
611 3186 669 3268 τὰρ
692 3179 752 3247 ἀπὸ
774 3192 825 3248 τοῦ
846 3179 952 3247 ἰδίου
975 3180 1137 3246 ἐπαίνου
1166 3177 1183 3244 δ
1205 3182 1299 3262 λέγων
1321 3175 1410 3251 αἰπὺς

448 3285 574 3374 ἄρχεται
597 3285 650 3377 (ἐκ
673 3299 723 3355 τοῦ
745 3290 904 3372 λέγοντος)·

381 3395 427 3477 (2)
451 3398 515 3459 τοτὲ
544 3395 578 3458 δέ
607 3393 667 3460 ἀπὸ
699 3406 752 3484 της
784 3396 975 3484 διαβολῆς
1005 3405 1072 3461 τοῦ
1093 3393 1304 3463 ἀντιδίκου,
1329 3389 1354 3456 εἰ
1377 3391 1410 3455 δέ

446 3496 531 3587 πίχοι
553 3498 642 3576 αότδς
664 3503 904 3590 προδιαβληθείς,
929 3506 982 3576 τὰς
1005 3500 1101 3576 αἰτίοις
1120 3513 1235 3588 πρῶτον
1251 3503 1413 3566 όιπολόεται

448 3610 501 3681 τὰς
524 3610 599 3672 καθ’
624 3606 730 3675 ἑαυτοῦ
753 3607 801 3691 (ἐκ
823 3619 874 3675 τοῦ
897 3608 1072 3692 ἀντιδίκου)·

381 3715 428 3799 (3)
451 3717 515 3779 τοτὲ
537 3716 570 3778 δέ
592 3715 892 3790 τοὺςδικαστόις
909 3714 1080 3782 ἐπαινῶν
1096 3715 1412 3802 καὶδεραπεόῶν

446 3818 574 3898 οἰκείους
598 3820 694 3908 ἑαυτῷ
719 3846 750 3888 τε
776 3826 829 3887 καί
855 3835 894 3909 τῷ
921 3828 1069 3911 πράγματι
1098 3826 1259 3913 καθίστησι
1283 3822 1334 3909 (ἐκ
1362 3833 1411 3888 τοῦ

447 3926 623 4015 οἰκροατοῶ)·
1286 3927 1288 3930 ’

323 4090 350 4158 *)
370 4091 545 4147 Aristotelem
574 4108 637 4147 cum
664 4092 783 4147 Isocrate
810 4093 970 4163 plerumque
994 4092 1164 4148 consensisse
1193 4093 1226 4149 de
1254 4092 1411 4148 narratione

234 4179 344 4249 quidem
363 4179 546 4248 Quintilianus
566 4185 683 4237 testatur
704 4182 741 4235 lv
761 4182 787 4247 2,
798 4183 840 4238 32.

324 4269 365 4338 ”J
384 4268 506 4341 ‚eioiioiiy‘
519 4288 536 4323 a
549 4270 689 4341 prooemio
703 4270 894 4339 distinguitur5
913 4275 978 4325 sunt
991 4269 1081 4338 prima
1094 4271 1185 4337 verba,
1204 4271 1304 4340 quibus
1317 4272 1410 4324 orator

235 4356 323 4413 dicere
341 4357 450 4429 incipit3
471 4376 496 4414 ν.
517 4359 550 4414 de
568 4360 644 4414 Isaeo
664 4376 687 4413 c.
706 4361 721 4416 7
741 4360 878 4428 (exemplo
896 4359 997 4429 allato),
1017 4360 1051 4413 de
1070 4359 1212 4413 Demosth.
1232 4377 1254 4414 c.
1274 4359 1317 4412 24.

1193 4449 1227 4504 5*
