3100 4809
702 201 919 269 ..39-

308 401 334 445 c.
363 384 422 446 12:
446 389 538 443 ταῦτα
561 379 635 467 ἔφην
658 383 721 463 περὶ
744 391 796 466 της
827 377 971 451 λέξεως
999 390 1053 466 της
1075 377 1216 463 ἑκατέρου
1245 382 1392 463 (λεκτικοῦ

217 485 328 564 τόπου).
374 499 430 551 τῶν
453 488 485 550 δὲ
508 492 744 571 πραγμάτων
768 492 823 564 (--
846 496 896 549 τοῦ
920 486 952 549 δὲ
976 495 1179 571 πραγματικοῦ
1202 483 1303 562 τόπου)
1326 508 1391 551 ποι-

217 590 339 678 οόμενος
361 593 497 669 ἐξέτασιν,
521 600 572 680 την
596 597 648 678 μὲν
671 590 826 677 εόρεσιν
848 595 1027 679 θαυμαστὴν
1051 604 1119 678 παρ’
1140 592 1246 680 ἀμφοῖν
1262 594 1390 656 κατελα-

215 698 310 787 βόμην
333 704 385 765 καὶ
407 701 449 765 ἐ’τι
471 705 522 787 τὴν
545 706 652 785 κρίσιν·
682 711 718 784 τη
750 701 782 762 δὲ
812 700 916 772 τάξει
939 711 994 764 των
1018 697 1234 786 ἐνθυμημάτων
1256 703 1308 763 καὶ
1331 708 1391 770 τοῖς

215 817 416 892 μερισμοῖς
446 819 501 871 τῶν
532 806 764 893 ἐπιχειρημάτων
795 810 847 870 καὶ
876 817 912 890 τη
935 809 1010 871 καθ’
1035 805 1158 870 ἕκαστον
1182 804 1258 879 εἶδος
1283 807 1389 891 ἐξερ-

213 919 332 998 γασὶηι
354 925 415 989 τοῖς
431 919 454 979 τ’
479 916 584 987 ἄλλοις
606 913 696 979 άπασι
712 924 773 987 τοῖς
796 912 881 998 ἐντῷ
905 926 1100 1000 πραγματικῷ
1116 920 1194 998 τόπῳ
1211 917 1390 1000 θεωρήμασι

212 1025 295 1105 παρὰ
329 1025 404 1086 πολὺ
438 1031 585 1107 προτερεῖν
620 1020 754 1108 ἡγούμην
790 1020 961 1108 Ἰσοκράτην
996 1020 1118 1085 Λυσίου.
1165 1026 1244 1086 κατά
1275 1021 1307 1083 δὲ
1338 1025 1389 1107 τὴν

212 1127 408 1215 λαμπρότητα
444 1140 499 1191 των
538 1126 710 1191 όποθέσεων
748 1133 800 1192 καὶ
838 1132 870 1191 τό
905 1131 1066 1215 φιλόσοφον
1100 1140 1152 1215 της
1187 1132 1389 1212 προαιρέσεως

214 1235 311 1296 πλεῖον
335 1235 481 1323 διαφέρειν
496 1234 515 1321 ἢ
532 1236 637 1308 παιδός
660 1236 762 1319 ἄνδρα,
788 1234 837 1308 ὡς
859 1234 875 1299 ό
901 1234 1066 1299 Πλάτων
1096 1235 1261 1322 εἴρηκεν
1291 1235 1387 1313 (Plat.

213 1341 357 1407 Phaedr.
380 1364 411 1426 p.
437 1345 530 1425 279),
555 1339 580 1405 εἰ
603 1343 635 1404 δὲ
659 1346 719 1428 χρὴ
744 1341 877 1429 τάληθὲς
899 1339 1004 1426 εἰπεῖν,
1033 1346 1085 1406 καὶ
1108 1354 1163 1405 των
1178 1342 1277 1406 άλλων
1293 1340 1389 1404 ἁπάν-

213 1470 268 1510 των
298 1444 437 1533 ῥητόρων,
474 1447 538 1513 όσοι
572 1446 740 1537 φιλοσόφως
775 1459 825 1512 τοῦ
858 1452 1041 1535 μαθήματος
1069 1453 1169 1513 τοῦτου
1193 1454 1385 1534 προέστησαν.

212 1565 264 1641 της
295 1558 389 1639 μέντοι
421 1557 540 1644 ἀγωγης
562 1568 618 1620 τῶν
641 1556 782 1644 περιόδων
812 1561 845 1619 τὸ
868 1552 989 1619 κόκλιον
1012 1559 1142 1619 καὶτῶν
1174 1567 1386 1643 σχηματισμῶν

212 1671 264 1747 της
286 1661 425 1744 λέξεως*)
449 1666 481 1725 τό
505 1664 699 1749 μειρακιῶδες
721 1660 776 1726 οῦκ
800 1662 985 1747 ἐδοκίμαζον.
1011 1661 1141 1726 δουλεόει
1164 1668 1221 1747 γάρ
1237 1662 1257 1750 ἡ
1274 1662 1386 1727 διάνοια

211 1767 357 1839 πολλάκις
386 1780 426 1851 τῳ
458 1766 564 1854 ῥυθμῷ
596 1780 648 1857 της
678 1770 786 1842 λέξεως
816 1773 868 1833 καὶ
891 1780 940 1834 τοῦ
963 1773 1080 1854 κομψοῦ
1103 1768 1230 1834 λείπεται
1254 1774 1286 1833 τό
1309 1768 1387 1855 άλη-

210 1875 306 1936 θινόν·
330 1882 485 1959 κράτιστον
508 1876 532 1938 τ’
557 1875 734 1963 ἐπιτήδευμα
765 1874 795 1939 ἐν
825 1878 968 1960 διαλέκτῳ
999 1878 1133 1961 πολιτικη
1157 1872 1209 1940 καὶ
1241 1874 1386 1960 ἐναγωνίῳ

209 1983 241 2043 τὸ
252 1979 422 2066 ὁμοιότατον
430 1994 470 2066 τῳ
480 1988 558 2046 κατά
566 1981 659 2070 φόσιν.
672 1984 806 2066 βοόλεται
814 1984 845 2047 δὲ
854 1982 873 2070 ἡ
882 1982 969 2071 φόσις
977 1994 1036 2057 τοῖς
1044 1989 1186 2070 νοήμασιν
1198 1981 1323 2048 ἕπεσθαι
1336 1987 1387 2070 την

209 2087 293 2169 λέξιν,
307 2085 340 2151 οό
353 2099 388 2173 τη
401 2090 477 2161 λέξει
489 2094 524 2153 τά
537 2096 682 2176 νοηματα.
707 2093 864 2175 συμβοόλιρ
877 2091 909 2153 δὲ
925 2091 962 2177 δη
976 2093 1040 2175 περὶ
1056 2092 1187 2177 πολέμου
1202 2094 1254 2153 καὶ
1270 2087 1387 2177 εἰρηνης

208 2196 318 2275 λέγοντι
340 2193 392 2258 καὶ
412 2193 513 2281 ἰδιώτη
538 2200 586 2260 τόν
609 2201 673 2281 περὶ
696 2201 797 2284 ψυχης
818 2203 951 2283 τρέχοντι
975 2198 1105 2261 κίνδυνον
1129 2195 1158 2260 ἐν
1182 2198 1335 2270 δικασταῖς
1351 2204 1387 2263 τά

208 2306 310 2386 κομψὰ
343 2305 393 2365 καὶ
417 2306 562 2388 θεατρικά
591 2308 644 2367 καὶ
673 2304 852 2390 μειρακιώδη
882 2315 960 2368 ταῦτ’
986 2309 1041 2368 οῦκ
1065 2302 1131 2368 οἶδα
1153 2304 1251 2391 ἥντινα
1280 2304 1385 2369 δόναιτ’

205 2405 240 2468 ἂν
271 2420 435 2495 παρασχεῖν
465 2408 624 2497 ὠφέλειαν·
658 2413 772 2495 μάλλον
803 2412 827 2473 δ’
853 2409 927 2486 οἶδα,
959 2410 1002 2475 ότι
1026 2415 1077 2475 καὶ
1109 2414 1224 2497 βλάβης
1249 2410 1284 2475 ἂν
1308 2408 1385 2475 αἰτία

205 2518 324 2595 γε’νοιτο.
364 2521 570 2602 χαριεντισμὸς
593 2522 649 2602 γάρ
673 2529 732 2590 πᾶς
756 2515 785 2581 ἐν
809 2519 923 2603 σπουδῇ
939 2515 991 2582 καὶ
1006 2520 1110 2592 κάλως
1124 2523 1274 2604 γινόμενος
1288 2518 1385 2604 άωρσν

205 2633 327 2707 πρᾶγμα
350 2627 402 2686 καὶ
425 2626 641 2709 πολεμιώτατον
666 2623 748 2708 ἐλέῳ.

295 2731 420 2795 Eadem
438 2732 508 2796 fere
532 2733 609 2796 dieit
634 2733 812 2816 Dionysius
836 2734 869 2795 in
893 2734 977 2796 libro
1002 2735 1042 2797 de
1066 2734 1281 2799 Deinosthen.
1308 2753 1336 2797 υ.
1353 2735 1384 2797 4.

205 2857 236 2918 p.
263 2838 326 2902 962
351 2838 392 2902 R.
417 2860 488 2922 sqq.

297 2945 343 3008 De
370 2945 517 3009 fontibus
542 2946 640 3010 huius
666 2947 774 3009 iudicii
800 2948 1038 3028 quaerentibus
1071 2948 1166 3011 nohis
1198 2968 1251 3011 res
1276 2948 1381 3027 magis

207 3070 246 3113 ex
278 3053 355 3115 voto
388 3054 537 3134 procedit
561 3072 661 3133 qnam
694 3053 734 3116 de
767 3053 865 3136 Lysia
896 3053 1045 3134 aliisque.
1092 3055 1269 3137 Dionysius
1294 3056 1382 3120 enim

203 3156 274 3237 ipse
305 3160 479 3240 profitetur
512 3160 653 3224 aliorum
684 3180 720 3223 se
749 3161 852 3223 verba
885 3162 1036 3242 repetere
1068 3181 1095 3224 c.
1122 3163 1181 3225 13:
1205 3157 1332 3234 Οότος
1354 3162 1379 3223 δ’

203 3257 273 3324 οόκ
303 3262 396 3349 ἐμός
419 3262 435 3327 ό
459 3268 575 3346 λόγος
604 3269 759 3349 πρώτου
791 3270 840 3350 μά
864 3262 952 3328 Δία·
978 3263 1060 3327 ἐπεὶ
1090 3267 1228 3330 πολλοὶ
1250 3270 1302 3329 καὶ
1324 3279 1380 3330 τῶν

202 3370 334 3432 παλαιῶν
357 3367 463 3455 ταότην
493 3369 573 3457 εἶχον
597 3367 669 3456 ὑπὲρ
694 3368 781 3434 αότοῦ
806 3375 857 3457 την
880 3372 975 3444 δόξαν.
1011 3369 1224 3445 Φιλόνικος
1248 3378 1379 3458 μὲνγὰρ

202 3471 218 3538 ό
246 3476 429 3550 διαλεκτικὸς
459 3483 511 3564 τὴν
541 3478 636 3565 άλλην
665 3481 854 3563 κατασκευὴν
885 3490 937 3564 της
966 3478 1075 3551 λέξεως
1103 3475 1226 3541 ἐπαινῶν
1257 3478 1380 3565 τάνδρός

203 3581 265 3664 [ex
303 3584 367 3648 his
400 3588 534 3667 igitur
570 3588 778 3651 Isocratis
815 3587 967 3650 laudes
1003 3608 1173 3670 qnoque
1204 3590 1379 3671 poterat

202 3691 414 3772 colligere
450 3694 705 3777 Dionysius]
738 3697 882 3778 μέμφεται
916 3703 968 3778 της
990 3692 1162 3779 καινότητος
1185 3695 1378 3776 (legendnm

199 3801 281 3880 puto
305 3804 495 3886 ταυτότητος,
528 3803 582 3866 alii
605 3802 765 3886 λειότητος)
790 3802 897 3886 ποιότης
920 3804 972 3863 καὶ
995 3810 1045 3863 τοῦ
1069 3811 1223 3887 φορτικοῦ·
1249 3798 1376 3866 ἐοικέναι

199 3908 231 3965 τέ’
246 3926 332 3990 φησιν
356 3903 442 3969 αότόν
465 3908 661 3994 ζῳγράφῳ**)
686 3916 748 3979 ταῖς
771 3903 876 3980 αόταῖς
891 3905 1103 3994 ὲσθησεσι***)
1127 3910 1160 3991 (Ι.
1185 3905 1304 3995 ἐσθῆσι)
1326 3914 1380 3973 καὶ

201 4004 270 4010 .....
291 4030 316 4094 *)
338 4031 404 4084 haec
422 4039 499 4085 erant
519 4034 545 4086 in
565 4034 670 4101 λεκτικῷ
683 4033 749 4101 τόπῳ
762 4034 924 4097 tractanda;
944 4034 991 4087 sed
1005 4034 1104 4102 premit
1118 4034 1234 4090 aliorum
1250 4036 1376 4106 vestigia:

200 4104 280 4174 ,οότος
300 4109 345 4162 οὐκ
365 4114 424 4179 ἐμός
445 4113 458 4165 ό
478 4115 561 4184 λόγοςί
581 4132 603 4166 ο.
624 4115 658 4168 13

291 4191 332 4257 **)
352 4200 473 4248 oratores
499 4213 561 4248 cnm
586 4194 735 4265 pictoribus
755 4200 780 4247 et
800 4192 938 4246 statuariis
957 4193 1010 4247 iain
1031 4201 1093 4248 ante
1112 4194 1235 4264 Dionysii
1260 4201 1375 4250 aetatem

200 4271 347 4325 identidem
367 4280 539 4343 comparatos
559 4293 618 4329 esse
638 4276 715 4328 docet
734 4272 854 4325 Brzoska
874 4290 900 4341 p.
915 4272 947 4323 81
961 4289 1021 4341 sqq.
1042 4274 1107 4328 locis
1120 4276 1242 4343 undique
1261 4278 1375 4330 collatis.

291 4360 351 4426 ***)
370 4362 422 4416 hoc
440 4362 528 4418 simite
546 4364 574 4417 in
595 4380 675 4417 nsunt
695 4359 827 4415 convertit
846 4360 992 4429 Dionysius
1012 4363 1045 4416 de
1065 4365 1204 4419 Demosth.
1225 4382 1246 4418 c.
1268 4366 1306 4436 18,
1328 4366 1375 4420 ubi

195 4440 280 4495 etiam
299 4442 333 4497 de
354 4443 480 4498 Isocratis
500 4444 651 4500 elocutione
669 4442 788 4506 disserit,
807 4443 844 4497 ct.
864 4441 897 4495 de
916 4441 992 4496 Dein.
1012 4460 1034 4497 c.
1053 4443 1097 4498 41.
