3100 4809
532 203 851 272 ·-30-

181 379 234 468 υ)
263 389 499 469 μετασκευη.
524 380 591 447 Ἐπί
606 384 638 446 δέ
653 387 764 456 τοότοις
788 387 823 449 τὰ
840 384 995 470 ληφθέντα
1011 382 1166 469 διακρίνειν
1190 382 1264 464 εἴτι
1286 384 1331 451 δεῖ

259 501 502 577 μετασκευῆς
536 488 629 576 ὄνομα
661 486 796 576 ἢρημα
830 486 871 566 ώς
893 487 930 553 ἂν
953 487 1198 575 ἐναρμονιώτερόν
1225 495 1331 557 τεκαὶ

208 635 211 640 -
258 593 440 681 εὐεδρότερον
463 601 582 678 γένοιτο,
613 606 696 660 τοῦτο
726 600 758 659 τὸ
789 606 933 682 στοιχεῖον
956 594 986 659 ἐν
1009 601 1061 683 μὲν
1090 609 1226 685 ποιητικῇ
1250 599 1331 685 δαψι·

257 706 393 788 λέστερόν
417 701 500 778 ἐστιν,
525 701 554 766 έν
578 703 609 766 δὲ
633 700 731 783 λόγοις
753 706 851 776 πεζοῖς
874 697 1086 787 σπανιώτερον·
1110 701 1216 787 γίνεται
1231 705 1263 768 δέ
1278 708 1331 769 καί
1411 763 1413 766 ,

258 810 288 874 ἐν
310 814 430 885 τοότοις,
455 808 501 897 ἐρ’
527 807 634 873 δπόσον
650 807 685 873 ἂν
701 807 823 895 ἐγχωρῇ
839 813 880 892 (e.
899 831 929 891 g.
946 805 987 883 εἰς
1010 814 1141 873 τουτονὶ
1163 814 1212 875 τὸν
1228 809 1329 892 ἀγῶνα

257 939 318 1002 pro
342 914 383 989 εὶς
406 927 523 980 τοῦτον
546 920 594 980 τὸν
618 914 727 998 ἀγῶνα,
753 917 896 994 similia).

149 1046 188 1109 Ii.
213 1044 375 1111 membra.
398 1042 494 1104 κώλα.
1118 1111 1122 1117 ¹

195 1169 226 1248 a)
256 1164 417 1251 ἁρμογή.
442 1187 472 1249 μ.
491 1167 550 1230 98;
580 1167 633 1227 καὶ
663 1168 719 1247 γὰρ
750 1173 842 1227 ταῦτα
873 1161 1002 1250 ἁρμόσαι
1031 1168 1105 1247 πρὸς
1129 1163 1251 1251 ἄλληλα
1272 1166 1327 1240 δεῖ,

257 1270 297 1344 ώς
327 1268 421 1335 οἰκεῖα
451 1270 610 1357 φαίνεσθαι
639 1265 691 1334 καί
721 1272 793 1357 μίλα
817 1272 1046 1343 ...πολλάκις
1076 1274 1127 1358 μέν
1156 1275 1213 1356 γὰρ
1253 1261 1330 1336 τουτί

256 1384 308 1466 μέν
332 1382 364 1446 τό
387 1379 484 1442 κώλον
514 1381 615 1441 τοίντου
646 1381 788 1461 προτεθὲν
811 1376 831 1464 ἢ
855 1373 902 1441 ἐπὶ
930 1381 1022 1462 τοότιρ
1057 1381 1142 1441 τεθέν
1173 1376 1327 1465 εὐστομίαν

255 1491 316 1550 τινὰ
341 1482 472 1572 ἐμραόνει
495 1488 545 1549 καί
569 1490 753 1571 σεμνότητα.
771 1534 777 1547 .
795 1515 826 1563 .;
851 1489 1040 1568 sequuntur
1064 1486 1226 1571 exempla.

194 1614 229 1694 b)
259 1615 549 1697 σχηματισμός.
571 1632 603 1702 p.
624 1613 704 1676 100:
729 1605 807 1673 Οόκ
830 1610 933 1674 ἔστιν
956 1604 1326 1697 είςτρόποςτηςέκ-

256 1729 378 1805 ρορᾱς
413 1728 481 1779 τών
515 1721 734 1803 νοημάτων·
769 1714 850 1780 ἀλλὰ
883 1721 919 1780 τὰ
954 1719 1007 1802 μὲν
1038 1713 1079 1790 ώς
1102 1716 1328 1803 ἀποφαινόμενοι

254 1827 384 1909 λέγομεν,
410 1828 445 1887 τὰ
469 1824 500 1886 δέ
523 1820 565 1896 ώς
587 1823 799 1907 διαποροῦντες,
825 1828 861 1887 τδι
879 1823 911 1885 δέ
927 1820 970 1896 ώς
992 1826 1215 1912 πυνθανόμενοι,
1243 1822 1327 1886 τὰδὲ

255 1928 296 2003 ώς
319 1927 479 2016 εόχόμενοι,
503 1934 539 1993 τὰ
562 1930 595 1993 δὲ
618 1928 658 2003 ώς
682 1930 886 2002 ἐπιτάττοντες,
918 1934 954 1993 τὰ
981 1930 1014 1992 δὲ
1046 1926 1086 2002 ώς
1115 1926 1326 2016 ὑποτιθέμενοι,

252 2043 290 2102 τὰ
314 2038 346 2101 δὲ
369 2035 471 2111 ἄλλως
494 2059 558 2110 πως
579 2035 911 2124 σχηματίζοντες·
937 2034 982 2108 οἷς
1004 2037 1186 2109 δικολοόθως
1207 2039 1260 2100 καὶ
1274 2040 1326 2122 τἠν

253 2132 328 2217 λέξιν
357 2147 530 2229 πειρώμεθα
562 2148 761 2230 σχηματίζειν.
793 2146 936 2207 πολλοί
960 2143 1000 2208 δὲ
1029 2144 1153 2229 δήπου
1176 2166 1325 2230 σχημα-

255 2255 382 2337 τισμοὶ
405 2255 466 2313 καί
490 2262 556 2337 της
579 2251 723 2323 λέξεώς
747 2246 860 2329 εἰσιν,
893 2249 1022 2335 ὥσπερ
1049 2254 1118 2314 καί
1150 2261 1217 2336 της
1247 2250 1326 2312 δια·

253 2362 380 2430 νοίοις·
415 2356 466 2436 οδς
500 2354 557 2443 οόχ
592 2354 651 2420 οίόν
686 2381 715 2420 τε
738 2358 954 2444 κεφαλαιωδῶς
982 2359 1163 2441 περιλαβεῖν·
1196 2356 1268 2429 ἴσως
1292 2354 1324 2417 δέ

252 2468 304 2527 καί
333 2463 456 2548 ἄπειροι,
493 2468 558 2548 περὶ
588 2462 627 2527 ών
656 2467 750 2537 πολὺς
780 2463 909 2547 όλόγος
937 2468 990 2528 καὶ
1020 2466 1130 2546 βαθεῖα
1158 2461 1323 2550 ἡθεωρία.

253 2572 459 2637 Peculiareni
498 2573 616 2636 librum
643 2572 820 2656 Dionysius
854 2573 895 2637 de
926 2572 1039 2652 figuris
1064 2572 1264 2657 composuit,
1290 2570 1321 2633 in

254 2700 319 2762 quo
344 2700 431 2763 quae
456 2679 509 2745 hie
532 2679 648 2743 leviter
672 2679 867 2762 porsiringit
891 2699 1045 2761 quaeque
1069 2677 1263 2743 Cornificius
1289 2679 1324 2741 eb

253 2786 368 2852 Cicero
402 2786 655 2869 quaeslionibus
690 2786 731 2851 de
768 2785 953 2850 elocutione
987 2785 1150 2862 inserunt,
1187 2787 1221 2849 et
1251 2784 1322 2866 ipse

253 2894 360 2958 fusius
386 2895 550 2958 tractasse
574 2892 714 2958 videtur.

190 3020 221 3103 c)
235 3095 237 3100 Α
253 3021 490 3103 μετασκευη.
515 3038 547 3101 p.
567 3019 646 3082 104:
670 3012 768 3080 Ἀλλὰ
790 3020 850 3101 μην
873 3013 916 3079 ότι
938 3018 1046 3096 γεκαὶ
1069 3018 1253 3101 μετασκευὰς
1276 3013 1321 3076 δὲ-

251 3145 335 3209 χεται
367 3134 422 3184 τῶν
451 3123 557 3185 κώλων
580 3121 650 3196 ἔνια,
682 3127 745 3186 τότε
768 3126 820 3208 μέν
843 3124 1025 3209 προσθήκας
1047 3122 1236 3207 λαμβάνοντα
1267 3116 1321 3183 οὐκ

251 3226 415 3310 ἀναγκαίας
445 3226 487 3302 ώς
516 3233 590 3312 πρὸς
618 3233 667 3291 τόν
696 3238 771 3311 νοῦν,
805 3233 868 3292 τότε
899 3228 1007 3291 δὲκαὶ
1037 3226 1206 3315 ἀφαιρέσεις
1230 3224 1320 3313 ἀτελη

251 3338 392 3408 ποιοόσας
413 3339 465 3421 την
489 3336 632 3398 διάνοιαν·
656 3336 693 3407 ἃς
715 3332 770 3398 οὐκ
794 3334 889 3399 ἄλλου
912 3337 989 3407 τινὸς
1013 3332 1100 3398 ἕνεκα
1122 3342 1234 3397 ποιοῦσι
1256 3354 1320 3396 ποι-

249 3438 316 3529 ηταί
349 3464 379 3504 τε
409 3445 460 3505 καὶ
490 3452 669 3529 συγγραφεῖς
698 3438 717 3526 ἢ
742 3453 796 3528 της
818 3438 969 3527 ἁρμονίας,
992 3438 1027 3503 ἵν’
1052 3438 1138 3528 ἡδεῖα
1164 3442 1216 3503 καὶ
1238 3439 1320 3525 καλὴ

249 3552 367 3629 γένοιτο,
386 3555 461 3612 πόινυ
478 3546 578 3629 ὀλίγου
590 3548 649 3610 δεῖν
662 3546 761 3634 οἴομαι
774 3550 872 3629 λόγου.
898 3548 1062 3632 Exemplis
1079 3568 1149 3612 rem
1165 3547 1319 3613 illustrat.

141 3674 196 3738 111.
221 3674 547 3757 οοιιιρτυῖιοιιείυιιυε,
571 3671 708 3755 περίοδοι.

303 3781 350 3844 De
374 3801 481 3864 comp.
506 3802 536 3864 p.
556 3783 635 3845 110:
660 3775 762 3842 Ταότὰ
778 3782 876 3862 (quae
894 3779 934 3843 de
951 3778 1123 3863 membris)
1141 3773 1166 3838 δ’
1183 3771 1317 3862 εἰρήσθω

249 3908 299 3972 μοι
322 3889 387 3969 περὶ
409 3896 464 3948 τών
487 3887 678 3969 καλουμένων
701 3881 851 3968 περιόδων.

187 4013 220 4091 a)
249 4008 410 4095 ἁρμογή.
434 4013 560 4093 καὶγὰρ
577 4006 608 4072 ἐν
624 4013 741 4082 ταόταις
755 4011 817 4096 χρη
834 4014 887 4082 τοῖς
909 4030 940 4072 τε
955 4011 1179 4095 προηγουμένας
1198 4007 1319 4077 καὶτὰς

247 4120 364 4188 ταώταις
387 4113 532 4202 ἑπομένας
554 4112 670 4188 οἰκείως
693 4120 896 4200 συναρμόττειν
913 4116 1024 4197 (vulgo
1041 4115 1126 4180 haee
1141 4114 1316 4195 leguntur:

248 4225 379 4306 καὶγὰρ
403 4218 519 4293 ταόταις
542 4226 603 4308 χρὴ
627 4231 692 4294 ταῖς
715 4244 745 4284 τε
768 4225 1004 4307 προηγουμέναις
1034 4222 1086 4284 καὶ
1108 4228 1173 4291 ταῖς
1201 4221 1319 4291 τοιόταις

247 4326 402 4415 ἑπομέναις
424 4324 539 4401 οἰκείως
555 4325 780 4414 συναρμόττειν),
804 4326 873 4392 όταν
890 4325 920 4391 ἐν
935 4338 1000 4400 ταῖς
1020 4324 1165 4412 περιόδοις
1179 4331 1318 4413 προσηκη
