3100 4809
710 202 929 265 -87-

168 416 171 423 ·
229 404 269 448 ex
291 385 402 447 verbis
428 381 503 460 ,obre
527 393 578 469 τῆς
601 383 710 465 hoyn&
734 381 797 447 κτλ.
824 380 989 443 nonsatis
1010 379 1226 461 probabiliter
1250 379 1401 443 conicere

228 510 425 574 possumus;
451 489 647 573 Spengelius
679 487 798 551 harum
825 506 935 549 rerum
969 485 1180 549 acutissimus
1210 484 1308 549 iudex
1331 486 1400 550 Art.

228 597 339 680 script.
372 620 403 680 p.
431 599 493 662 139
525 617 572 678 sq.
605 595 733 658 fortiter
762 589 981 677 Theophrasti
1014 593 1246 657 auctoritatem
1278 595 1401 657 luetur.

229 706 294 769 Sed
320 707 488 786 utcunque
513 724 566 767 res
591 723 626 765 se
651 702 763 782 habet,
798 701 903 764 altero
927 700 999 764 loco
1031 700 1181 763 videmus
1204 699 1402 782 Theophra-

228 813 316 875 stum
341 831 407 875 non
433 812 542 874 nudas
567 809 821 893 praeceptiones
847 807 1029 878 tradidisse,
1053 806 1111 869 sed
1137 806 1295 889 exemplis
1319 827 1402 888 quo-

228 939 293 1000 que
310 919 502 999 illustrasse,
526 918 702 982 virtutibus
720 916 864 980 laudatis
888 905 1011 979 notatis
1028 914 1124 991 vinis,
1149 916 1186 978 ut
1210 913 1400 995 Dionysium

227 1026 324 1108 plura
348 1027 423 1089 inde
448 1028 600 1109 repetere
623 1024 771 1107 potuisse
797 1025 829 1086 et
852 1022 1025 1105 repetiisse
1054 1021 1234 1104 probabilis
1258 1021 1300 1083 sit
1324 1040 1402 1084 con-

228 1133 362 1197 iectura.
409 1133 474 1196 Sed
506 1133 615 1196 solent
645 1131 777 1214 quidam
812 1128 964 1192 homines
1003 1149 1079 1193 cum
1118 1130 1257 1193 aliorum
1287 1127 1401 1208 fruges

228 1243 259 1305 in
284 1261 383 1304 usum
405 1261 507 1304 suum
531 1241 740 1318 convertunt,
766 1242 888 1314 tacere,
921 1237 1075 1313 clamare,
1108 1256 1182 1299 cum
1208 1234 1342 1299 eosdem
1367 1235 1400 1297 in

229 1369 342 1413 errore
367 1348 584 1431 deprendisse
609 1346 669 1409 sibi
694 1346 882 1409 videantur.

315 1456 446 1520 iuvabit
470 1455 698 1519 Ciceronis
723 1473 856 1535 quoque
881 1452 1071 1516 testimonia
1103 1452 1233 1529 afferre,
1258 1470 1357 1532 quem
1384 1471 1400 1512 e

228 1563 375 1625 lontibus
400 1562 544 1640 Graecis,
569 1561 624 1643 qui
642 1581 744 1643 supra
762 1560 954 1642 Dionysium
976 1559 1128 1635 redeunt,
1153 1557 1307 1621 hausisse
1324 1576 1402 1619 con·

227 1670 305 1735 stat.
340 1670 430 1732 Brut.
457 1688 484 1731 c.
512 1670 551 1732 lb
568 1668 586 1749 ἓ
605 1668 647 1732 64
664 1667 756 1730 locus
775 1687 874 1749 quem
891 1687 994 1748 supra
1011 1666 1086 1729 dedi
1103 1665 1149 1728 sic
1171 1663 1399 1728 continuatur:

228 1776 348 1855 ‚Habet
370 1772 524 1857 (Lysias)
547 1775 633 1838 enirn
653 1777 761 1838 certos
781 1774 830 1837 sui
849 1774 1024 1852 studiosos,
1049 1774 1104 1855 qui
1128 1792 1196 1836 non
1222 1773 1289 1835 taur
1306 1770 1403 1833 habi-

228 1885 280 1946 tus
313 1882 460 1963 corporis
491 1881 618 1963 opimos
651 1889 760 1962 quam
784 1880 987 1961 gracilitates
1019 1879 1274 1954 consectentur3
1307 1897 1401 1958 quos

228 1989 386 2051 valetudo
409 1988 507 2050 modo
532 1988 621 2050 bona
647 1988 695 2058 sit,
722 1988 868 2050 tenuitas
892 1987 964 2067 ipsa
987 1985 1141 2049 delectat.
1189 1985 1400 2066 Quamquam

228 2094 260 2157 in
285 2094 381 2176 Lysia
406 2097 485 2157 sunt
518 2114 619 2176 saepe
652 2095 751 2157 etiam
784 2095 908 2171 lacerti,
941 2093 988 2157 sic
1019 2094 1055 2156 ut
1085 2092 1156 2156 fieri
1187 2091 1267 2154 nihil
1298 2092 1406 2174 possit

229 2200 403 2264 valentius.
436 2200 559 2263 Verum
583 2203 634 2264 est
658 2203 747 2264 certe
772 2219 895 2280 genere
912 2202 981 2264 toto
1005 2199 1191 2278 strigosior3
1216 2198 1275 2262 sed
1299 2198 1403 2261 habet

227 2310 339 2372 tamen
364 2328 441 2370 suos
459 2307 660 2387 laudatores,
686 2309 741 2391 qui
766 2308 829 2372 hac
846 2308 919 2391 ipsa
936 2309 1006 2371 eius
1024 2307 1205 2371 subtilitate
1223 2304 1400 2370 admodum

227 2415 395 2495 gaudent.
427 2411 470 2476 Τὸ
486 2415 708 2498 μεγαλοπρεπὲς
731 2416 830 2496 igitnr
846 2416 880 2479 et
894 2416 927 2477 τὸ
943 2416 1109 2499 παθητικὸν
1130 2415 1244 2478 Cicero
1269 2431 1402 2495 quoque

227 2522 268 2584 ab
295 2541 334 2585 eo
359 2522 537 2585 abiudicat.
571 2523 618 2585 De
636 2524 701 2604 opt.
721 2542 794 2602 gen.
813 2543 860 2586 or.
877 2523 956 2586 1119
975 2543 1042 2604 sq.:
1070 2521 1247 2587 ,imitemur
1264 2522 1290 2583 si
1306 2519 1402 2602 potu-

229 2630 351 2692 erimus
377 2628 509 2711 Lysiam
542 2631 575 2693 et
608 2630 679 2692 eius
704 2630 839 2711 quidem
862 2630 1062 2694 tenuitatem
1094 2630 1320 2713 potissimum;
1352 2632 1403 2693 est

227 2736 315 2799 enim
341 2737 453 2800 multis
478 2737 557 2800 locis
574 2737 742 2817 grandior,
767 2739 827 2802 sed
840 2740 919 2820 quia
941 2739 973 2801 et
989 2738 1137 2821 privatas
1154 2738 1208 2801 ille
1226 2738 1402 2820 plerasque

228 2847 261 2908 et
285 2865 343 2907 eas
367 2846 458 2926 ipsas
477 2845 548 2907 aliis
565 2846 597 2908 et
613 2865 796 2926 parvarum
813 2865 924 2909 rerum
942 2846 1099 2908 causulas
1116 2845 1256 2927 scripsit,
1273 2844 1403 2908 videtur

229 2971 302 3015 esse
325 2952 475 3032 ieiunior,
499 2972 576 3015 cum
600 2973 636 3016 se
661 2953 731 3034 ipse
756 2952 908 3016 consulto
934 2952 975 3015 ad
994 2953 1197 3016 minutarum
1223 2972 1401 3015 causarum

229 3079 353 3139 genera
376 3058 550 3122 limaverit.
598 3058 696 3135 Quod
720 3060 777 3142 qui
800 3060 846 3123 ita
871 3060 979 3133 faciet,
1005 3062 1052 3134 ut,
1084 3060 1110 3122 si
1135 3059 1247 3141 cupiat
1269 3058 1403 3121 uberior

229 3185 314 3238 esse,
339 3186 407 3228 non
432 3165 547 3248 possit,
579 3165 746 3230 habeatur
770 3187 853 3230 sane
884 3169 1007 3247 orator,
1040 3166 1108 3230 sed‘
1129 3166 1170 3228 de
1200 3166 1401 3237 minoribus;

228 3291 349 3352 magno
374 3274 487 3335 autern
512 3274 637 3336 oratori
660 3273 759 3336 etiarn
791 3274 847 3336 illo
880 3273 977 3336 modo
1008 3292 1111 3355 saepe
1144 3273 1321 3335 dicendum
1353 3274 1404 3335 est

230 3379 263 3441 in
287 3379 344 3443 tali
369 3400 491 3462 genere
517 3399 707 3444 causarum.
740 3380 790 3444 lta
811 3380 857 3459 fit,
882 3382 918 3443 ut
934 3379 1176 3442 Demosthenes
1194 3381 1282 3442 certe
1298 3380 1402 3462 possit

230 3486 404 3550 summisse
437 3486 557 3565 dicere,
597 3487 683 3551 elate
717 3487 832 3570 Lysias
864 3487 1006 3549 fortasse
1039 3507 1107 3549 non
1137 3485 1263 3568 possit‘
1311 3485 1402 3552 Brut.

232 3594 353 3663 luca:
381 3594 476 3670 ,Tum
508 3594 568 3659 fuit
594 3594 709 3677 Lysias
739 3596 811 3677 ipse
843 3594 976 3677 quidem
1007 3594 1041 3656 in
1074 3595 1182 3657 causis
1215 3594 1403 3658 forensibus

230 3719 295 3762 non
320 3703 485 3780 versatus
516 3701 574 3764 sed
605 3702 764 3781 egregrie,
797 3701 924 3765 subtilis
954 3701 1095 3785 scriptor
1126 3703 1227 3783 atque
1258 3701 1403 3780 elegans,

231 3827 331 3890 quem
354 3808 419 3869 iam
444 3828 548 3889 prope
573 3808 698 3871 audeas
724 3810 891 3872 oratorem
922 3808 1108 3891 perfectum
1132 3809 1262 3873 dicere.‘
1310 3807 1404 3871 Orat.

230 3916 328 3994 9‚29:
356 3915 458 3986 ,Dicat
489 3916 587 3995 igitur
611 3917 709 3979 attice
733 3916 988 3979 venustissimus
1020 3916 1071 3980 ille
1096 3916 1238 4000 scriptor
1261 3936 1300 3978 ac
1323 3914 1403 3997 poli-

230 4021 375 4085 tissimus
399 4021 514 4103 Lysias
541 4058 578 4066 -
606 4022 679 4103 quis
704 4022 793 4086 eninr
818 4024 923 4105 possit
946 4023 978 4085 id
1003 4027 1164 4102 negare?‘
1188 4023 1236 4087 De
1262 4023 1405 4086 oratlll

232 4129 330 4198 728:
357 4128 575 4206 ‚Suavitatem
601 4130 774 4210 Isocrates
800 4129 1018 4193 subtilitatem
1042 4130 1156 4212 Lysias
1265 4129 1403 4192 habuit‘

230 4236 346 4300 Cicero
370 4236 468 4316 igilur
492 4237 561 4319 ipse
586 4258 719 4319 quoque
745 4237 859 4301 tribuit
875 4238 992 4320 Lysiae
1016 4239 1048 4298 τὸ
1069 4234 1189 4322 ἀφελές,
1212 4232 1405 4318 καθαρεύειν,

229 4349 317 4428 χάριν
327 4370 335 4426 3
360 4344 544 4407 subtilitate
569 4345 682 4427 plures
707 4346 847 4407 virtutes
872 4344 1155 4427 comprehendere
1181 4344 1320 4409 videtur.
1386 4345 1388 4347 ’
