3100 4809
642 174 857 239 „92-

161 353 295 436 dempta
329 353 361 417 in
392 354 498 438 primo
529 354 632 418 verbo
664 352 852 416 sententiae
885 354 1090 435 postremum
1121 353 1163 417 ad
1195 354 1336 417 verbum

160 461 302 545 primam
326 481 441 524 rursus
466 461 627 544 syllabam
655 459 805 526 adiunxit
828 458 1056 539 insequentis3
1088 459 1201 541 itaque
1226 460 1335 525 iactus

163 570 213 632 est
243 570 449 649 anapaestus
477 568 515 647 ie,
550 567 605 650 qui
638 563 898 649 Aristophanius
929 565 1138 638 nominatum
1173 567 1261 649 quod
1293 588 1336 630 ne

162 674 301 753 aecidat,
326 674 497 738 observari
528 693 590 740 nec
621 675 734 757 potest
758 693 821 737 nec
851 692 990 736 neccsse
1015 674 1075 737 est.
1123 674 1190 738 Sed
1221 674 1335 738 tanrcn

162 781 215 844 hie
239 782 406 845 corrector
430 782 463 844 in
488 801 528 846 eo
552 782 624 864 ipso
648 780 731 857 loco,
757 800 823 863 quo
840 780 1065 864 reprehendit,
1091 782 1126 844 ut
1152 800 1240 845 arne
1265 783 1337 846 ani-

162 889 371 952 madversum
390 890 440 951 est
457 887 603 952 studiose
620 888 809 969 inquirente
827 888 858 950 in
877 907 964 956 eum.
982 887 1126 951 immittit
1141 887 1336 970 imprudens

163 995 234 1077 ipse
258 994 449 1059 senarium‘
497 995 545 1058 Ex
568 995 736 1059 Ciceronis
760 995 859 1075 igitur
883 994 1073 1058 testimonio
1097 1014 1164 1057 non
1190 996 1262 1058 erat
1284 995 1337 1059 ille

163 1102 294 1184 quidem
326 1102 631 1186 incorruptissimus
665 1103 820 1166 Isocratis
852 1102 970 1181 iudex,
1000 1121 1030 1166 ν.
1064 1101 1168 1165 Hiller
1198 1123 1230 1184 p.
1264 1103 1336 1179 114,

162 1209 306 1291 Spengel
329 1229 430 1288 σονοιγ.
455 1231 485 1292 p.
513 1212 575 1273 152
599 1230 682 1293 sqq,
708 1209 796 1272 Blais
822 1211 887 1274 Att.
913 1209 1047 1273 Bereds
1071 1209 1099 1273 Il
1123 1230 1154 1291 p.
1182 1211 1255 1274 136.

251 1316 317 1379 Sed
342 1316 423 1379 alios
448 1337 581 1399 quoque
605 1317 646 1380 de
671 1317 826 1381 Isocratis
851 1315 1038 1380 elocutione
1059 1316 1147 1381 idem
1171 1316 1337 1381 iudicasse

164 1425 306 1486 testatur
329 1423 517 1505 Dionysius,
542 1423 632 1488 addit
664 1424 769 1487 euim:
803 1420 935 1493 Πολλοῖς
966 1422 998 1483 δὲ
1029 1425 1080 1485 καὶ
1112 1421 1216 1495 ἄλλοις
1247 1433 1339 1486 ταυτα

161 1531 213 1591 καὶ
228 1530 420 1615 παραπλήσια
435 1527 554 1615 εἴρηται,
581 1530 777 1595 Aristoteles
790 1531 886 1594 tacite
899 1531 1041 1594 fortasse
1055 1531 1160 1613 carpit
1173 1531 1338 1611 longiores

163 1637 318 1701 isocratis
343 1637 497 1720 periodos
521 1640 563 1719 (v.
589 1638 672 1702 rhet.
698 1638 786 1703 1119
812 1640 844 1701 et
869 1658 955 1720 quae
981 1637 1056 1702 adn.
1083 1637 1254 1720 Spengel),
1285 1659 1340 1703 re-

166 1743 343 1826 prehendit
360 1744 584 1808 Demetrius
600 1744 663 1812 vol.
681 1744 854 1808 Herculll
865 1744 1073 1826 col.XVIl(v.
1085 1744 1339 1826 Spengelibid.).

253 1870 433 1937 Praeterea
451 1874 539 1937 vitae
557 1874 710 1937 auctores
734 1870 928 1934 elocutionis
944 1870 1088 1933 indolem
1105 1867 1345 1953 perstrinxisse

162 1978 434 2042 verisimillimum
459 1982 525 2061 cst,
550 1981 756 2063 scripserunt
780 1979 891 2042 autem
917 1979 958 2041 de
973 1978 1120 2042 lsoerate
1138 1978 1361 2059 Demetrius,—

162 2083 350 2167 AphareuS,
382 2087 601 2170 Hermippus,
635 2087 728 2150 cuius
760 2086 881 2149 librum
912 2087 953 2149 de
985 2085 1141 2149 Isocratis
1171 2086 1339 2169 discipulis

163 2190 340 2276 Dionysius
365 2195 435 2276 ipse
459 2195 547 2259 iufra
571 2194 687 2258 laudat
710 2215 741 2276 p.
768 2195 832 2257 588
856 2193 896 2256 R.

252 2303 278 2366 Α
289 2303 453 2386 pharea
472 2302 648 2385 Dionysius
667 2302 763 2366 affert
780 2300 810 2363 in
830 2300 1038 2382 quaestione,
1058 2302 1168 2363 utrum
1186 2301 1340 2365 isocratis

164 2413 295 2475 exstent
319 2410 485 2475 orationes
510 2409 679 2473 iculieialcs
712 2427 830 2486 necne,
856 2427 881 2471 c.
910 2408 950 2471 18
976 2428 1006 2489 p.
1034 2408 1097 2471 570
1121 2407 1170 2471 R:
1202 2403 1341 2480 Τοιοῦτος

163 2520 215 2601 μέν
238 2517 274 2602 δή
299 2538 342 2589 τις
365 2513 394 2579 έν
417 2525 475 2585 τοῖς
498 2514 756 2599 συμβουλευτικοῖς
779 2510 878 2593 λόγοις
902 2509 918 2576 ὁ
942 2509 1026 2598 ἀνήρ.
1063 2510 1092 2575 έν
1115 2512 1147 2575 δέ
1170 2522 1230 2585 τοῖς
1253 2512 1340 2575 δικα-

81 2669 85 2678 ,
161 2634 251 2695 νικοῐς
274 2628 311 2686 τὰ
334 2627 385 2710 μέν
409 2621 489 2686 ἄλλοι
514 2627 588 2683 πάνυ
614 2619 738 2705 ἀκριβὴς
761 2622 814 2681 καὶ
837 2617 983 2704 ἀληθινὸς
1005 2622 1119 2701 καὶτῷ
1144 2617 1257 2682 Διναίου
1280 2643 1341 2706 χα-

163 2742 287 2818 ρακτῆρι
309 2729 426 2810 ἐ’ργιστα
449 2732 500 2814 μὲν
524 2728 769 2813 προσεληλυθώς,
794 2724 823 2789 έν
847 2737 882 2810 τῇ
906 2727 938 2788 δέ
961 2728 1097 2789 συνθέσει
1119 2738 1175 2789 των
1191 2724 1341 2813 ὀνομάτων

162 2842 194 2901 τὸ
218 2838 297 2900 λεῖον
329 2835 421 2899 έκεῖνο
451 2838 502 2898 καὶ
533 2831 673 2919 εὐπρεπές
702 2835 859 2915 (fortasse
883 2830 1011 2914 εὐπετὲς)
1034 2832 1122 2919 ἔχων,
1146 2833 1266 2897 ἔλαττον
1289 2839 1340 2921 μὲν

163 2945 182 3032 ἢ
207 2944 237 3009 έν
253 2945 354 3017 ἄλλοις
377 2946 489 3024 λόγοις
509 2939 543 3006 ου
567 2947 624 3028 μὴν
639 2941 707 3005 ἀλλ’
730 2943 810 3027 έχων
832 2964 873 3022 γε.
908 2942 1011 3028 μηδεὶς
1034 2942 1059 3002 δ’
1078 2940 1189 3022 ἀγνοεῖν
1204 2938 1341 3025 ι’)πολάβιρ

161 3036 217 3140 <ps
226 3059 269 3138 Ρ),
293 3053 361 3138 μηδ’
387 3049 428 3114 ὅτι
443 3047 635 3136 Ἀφαρεὺς
659 3047 674 3113 ὁ
697 3048 842 3133 πρόγονός
865 3072 893 3111 τε
917 3053 968 3111 καὶ
992 3045 1156 3134 εἰσποίητος
1178 3045 1341 3133 Ἰσοκράτει

162 3159 324 3245 γενόμενος,
358 3157 387 3222 έν
420 3170 458 3241 τῷ
482 3155 555 3241 πρὸς
579 3154 786 3243 Μεγακλείδην
810 3159 950 3241 περὶτῆς
974 3154 1146 3227 ἀντιδόσεως
1176 3156 1256 3240 λόγῳ
1279 3156 1340 3218 διο-

162 3267 339 3354 perede),
371 3267 516 3352 μηδεμίαν
546 3261 601 3327 υπὸ
631 3274 681 3328 τοῦ
712 3268 822 3348 πατρὸς
854 3260 994 3327 ὑπόθεσιν
1018 3261 1059 3337 εἰς
1081 3264 1266 3347 δικαστήριον
1293 3286 1342 3344 γε·

162 3372 315 3463 γράμθαι·
341 3373 410 3459 μηδ’
435 3369 477 3436 ὅτι
500 3372 612 3456 δέσμας
635 3376 709 3434 πάνυ
726 3373 842 3443 πολλὰς
857 3370 1013 3434 δικανικῶν
1028 3369 1125 3451 λόγων
1141 3366 1342 3455 Ἰσοκρατείων

162 3483 375 3568 περιφέρεσθαί
409 3500 496 3566 φησιν
528 3475 582 3542 ὑπὸ
618 3490 674 3542 των
706 3480 906 3560 βιβλιοπωλῶν
940 3476 1227 3565 Ἀριστοτέλης,
1283 3472 1343 3540 έπέ-

163 3611 272 3672 σταμαι
295 3592 351 3672 γὰρ
376 3597 466 3649 ταυτα
489 3583 544 3649 irad
568 3596 624 3649 των
647 3586 760 3669 ανδρων
784 3583 901 3649 ἐκείνων
924 3590 1083 3672 λεγόμενα·
1108 3589 1159 3648 καὶ
1183 3581 1242 3649 otte*
1260 3582 1343 3669 ’Apt-

164 3699 292 3762 στοτέλει
315 3693 458 3780 πείθομαι
481 3691 625 3778 ῥυπαίνειν
649 3696 696 3756 τὸν
720 3692 813 3777 ἄνδρα
836 3695 1037 3780 βουλομένῳ*)
1062 3691 1121 3757 οὔτ’
1140 3695 1269 3780 ’Λφαρεῑ
1283 3695 1343 3755 του-

165 3827 215 3869 του
238 3816 265 3884 τ’
306 3824 378 3865 νεκα
401 3804 488 3882 λόγον
512 3797 639 3887 εὐπρεπῆ
663 3802 852 3886 πλαττομένῳ
877 3804 1057 3886 συντίθεμαι,
1089 3797 1191 3864 ἱκανὸν
1212 3800 1245 3862 δέ
1268 3797 1344 3886 ἡγη-

257 4073 270 4104 *
307 4071 417 4124 vexavit
437 4069 546 4137 quidem
576 4069 684 4137 saepius
708 4069 856 4123 Isocratem
882 4070 1050 4137 Aristoteles
1076 4071 1122 4123 sed
1152 4069 1197 4122 vix
1222 4068 1258 4121 ob
1284 4083 1345 4120 eam

166 4179 223 4215 rem
245 4160 399 4213 Aristotelis
419 4159 608 4211 auctoritatem
628 4157 655 4210 in
681 4160 843 4225 quaestione
862 4162 1023 4228 gravissima
1042 4176 1182 4214 removere
1201 4159 1271 4221 licet,
1290 4156 1342 4209 nisi

166 4251 255 4304 verbis
279 4248 464 4316 ,περιφέρεσθαι
482 4245 545 4297 κτλ.ι
565 4246 629 4299 terri
648 4247 758 4313 quidem
778 4250 915 4304 orationes
930 4251 1068 4304 iudiciales
1087 4249 1215 4303 isocratis
1234 4247 1346 4300 nomine

166 4338 269 4398 statuit,
288 4335 416 4393 Isocratis
435 4350 568 4390 essenon
587 4335 689 4388 statuit.
