3100 4809
685 247 901 323 hita

202 429 350 522 πρότεραι.
405 433 531 502 Eadem
563 437 634 502 fere
665 437 767 501 tradit
799 435 949 500 Cicero
981 457 1029 502 or.
1063 455 1089 503 c.
1116 436 1157 502 55
1189 429 1376 523 §185²sqd

204 546 359 623 ,Omnino
380 545 446 609 duo
467 545 555 620 sunt,
574 564 661 627 quae
676 542 836 608 condiant
851 543 1049 623 orationem,
1066 545 1245 609 verborum
1261 566 1378 611 nume·

201 674 382 736 roremque
419 652 609 716 iucunditas
648 647 801 737 (ἐκλογή,
839 651 1005 730 οὑνθεσις).
1057 651 1094 715 in
1137 652 1248 716 verbis
1289 653 1377 718 inest

203 760 299 842 quasi
334 760 475 825 materia
506 758 684 841 quaedam,
719 758 753 821 in
785 777 925 821 numero
955 758 1068 821 autem
1101 757 1265 840 expolitio.
1310 761 1376 825 Sed

203 868 239 931 ut
278 867 396 932 ceteris
435 866 470 930 in
509 867 610 931 rebus
642 863 853 929 necessitatis
892 863 1029 928 iuventa
1069 865 1258 948 antiquiora
1298 869 1377 932 sunt

203 992 303 1056 quam
332 974 528 1057 voluptatis,
559 974 607 1037 ito
637 972 670 1035 in
702 971 765 1037 hec
795 992 831 1034 re
864 970 994 1050 accidit,
1025 973 1061 1035 ut
1094 972 1205 1037 multis
1236 975 1376 1039 saeculis

203 1082 282 1144 onte
307 1079 410 1143 oratio
435 1080 526 1144 nudo
550 1099 590 1144 ac
614 1078 704 1142 rudis
730 1078 772 1141 od
794 1077 882 1141 solos
907 1077 1095 1141 animorum
1119 1099 1239 1143 sensus
1269 1081 1377 1164 expri-

203 1186 342 1249 mendos
372 1186 470 1278 suerit
501 1187 652 1271 reperta,
685 1204 787 1267 quam
818 1184 902 1248 ratio
933 1203 1150 1258 numerorum
1182 1205 1286 1252 causa
1318 1187 1377 1252 de-

201 1293 387 1357 lectationis
406 1293 538 1357 aurium
562 1292 758 1373 excogitato.
795 1293 913 1373 ltaque
938 1293 970 1355 ct
986 1290 1175 1358 Herodotus
1200 1294 1233 1356 et
1257 1293 1375 1358 eadem

204 1399 420 1483 superiorque
452 1402 545 1465 aetus
577 1419 718 1463 numero
748 1397 873 1477 caruit,
915 1398 976 1462 nisi
1010 1398 1144 1481 quondo
1177 1401 1301 1464 temere
1336 1422 1376 1466 oc

202 1505 357 1584 fortuito,
392 1511 433 1572 et
469 1507 717 1590 scriptores
756 1505 1059 1588 perveteres*)
1103 1506 1155 1569 de
1196 1526 1375 1572 numero

203 1613 517 1694 nihilomnin0,
542 1614 811 1679 decretione
835 1617 1071 1696 praecepta
1097 1613 1229 1678 multa
1253 1615 1377 1679 nobis

203 1720 315 1803 reliq
328 1724 490 1786 uerunt.
515 1721 599 1786 Nam
618 1720 705 1803 quod
724 1722 757 1784 et
769 1720 897 1784 facilius
911 1721 962 1783 est
975 1721 1009 1783 et
1019 1719 1125 1801 magis
1138 1722 1377 1793 necessarium,

202 1828 235 1891 id
265 1848 399 1911 semper
432 1831 511 1893 ente
543 1828 762 1910 cognoscitur.
810 1827 926 1908 Itaque
957 1826 1078 1891 tralata
1111 1828 1170 1891 aut
1198 1827 1288 1893 saeta
1319 1832 1378 1894 aut

202 1933 316 1999 iuncta
340 1933 434 1999 focile
458 1937 537 1999 sunt
562 1935 704 2015 cognita,
730 1934 806 2015 quia
839 1934 1060 1997 sumebantur
1090 1954 1108 1997 e
1133 1934 1376 1998 consuetudine

205 2039 436 2124 cotidianoque
460 2060 625 2105 sermone.
662 2041 828 2104 Numerus
846 2042 958 2104 nutem
983 2060 1049 2103 non
1076 2040 1174 2104 domo
1198 2040 1374 2124 deprome-

203 2146 303 2210 batur
319 2167 429 2232 neque
447 2147 596 2212 hahebat
613 2148 757 2230 aliquem
775 2147 1054 2211 necessitudinem
1072 2150 1131 2212 aut
1143 2148 1376 2229 cognationem

203 2272 278 2316 cum
303 2257 463 2321 oratione.
509 2256 626 2337 Itaque
659 2255 765 2319 serius
799 2254 971 2336 aliquanto
1000 2255 1136 2318 notatus
1168 2256 1200 2318 et
1224 2255 1376 2336 cognitus

203 2362 300 2444 quasi
314 2362 483 2445 quandam
500 2353 765 2446 palaestram
783 2364 835 2442 (—
852 2360 915 2424 hoc
928 2380 1061 2444 quoque
1074 2380 1231 2441 graecum
1248 2362 1376 2426 redolet

202 2468 329 2534 fontem
347 2470 403 2549 —)
423 2471 455 2534 et
472 2472 621 2535 extrema
639 2469 834 2534 liniamenta
851 2467 993 2532 orationi
1018 2468 1149 2532 attulit*
1184 2468 1224 2532 cf.
1241 2465 1376 2545 Quintil.

203 2575 261 2640 VII
292 2596 441 2659 prooem.
476 2579 504 2642 1.
557 2573 645 2640 Num
682 2575 737 2640 ilia
775 2595 864 2658 quae
895 2594 997 2658 supro
1036 2575 1176 2639 indicari
1207 2576 1376 2641 electionis

203 2682 313 2765 capita
344 2684 499 2749 statuerit
533 2683 721 2767 Dionysius,
752 2681 897 2747 dubitari
928 2684 1052 2764 potest,
1084 2682 1118 2745 in
1149 2683 1232 2748 duas
1264 2685 1375 2767 partes

202 2792 316 2855 autem
341 2811 417 2855 eum
441 2791 607 2856 delectum
632 2791 810 2855 verborum
834 2789 995 2869 divisisse,
1027 2788 1125 2854 docet
1158 2791 1198 2854 de
1223 2789 1375 2874 Thucyd.

201 2897 267 2961 iud.
285 2917 312 2962 c.
332 2900 384 2978 22,
405 2898 498 2962 cuius
516 2897 577 2962 loci
594 2898 660 2963 iam
677 2897 811 2980 saepius
828 2896 952 2960 laudati
969 2898 1100 2978 portem
1118 2915 1289 2980 opponere
1307 2916 1374 2961 non

202 3006 346 3088 pigebit:
366 3001 434 3067 Ὅτι
457 3008 509 3089 μὲν
532 3000 582 3067 οὖν
597 3001 699 3067 ἅπασα
714 3002 792 3074 λέξις
814 2997 857 3074 εἰς
879 3001 931 3064 diro
947 3005 1024 3088 μέρη
1048 3002 1199 3086 διαιρεῖται
1213 3005 1250 3064 τὰ
1265 3013 1375 3087 πρῶτα,

201 3109 254 3185 εἴς
276 3134 314 3174 τε
336 3116 393 3198 τὴν
416 3108 585 3198 ἐκλογὴν
609 3121 664 3173 των
680 3106 839 3195 ὀνομάτων,
864 3104 912 3195 ὑφ’
938 3106 977 3170 ὧν
1000 3109 1141 3194 δηλοῦται
1164 3112 1200 3172 τὰ
1215 3112 1375 3195 πράγμαιὴ

201 3220 243 3300 (v.
268 3240 294 3284 s
319 3219 401 3285 Cic:
426 3220 468 3284 ed
493 3219 581 3284 solos
611 3219 800 3283 animorum
831 3236 951 3281 sensus
976 3216 1221 3300 exprimendos)
1252 3218 1305 3279 καὶ
1333 3213 1375 3290 εἰς

201 3327 251 3409 τὴν
274 3326 407 3388 odotem
431 3335 486 3387 των
502 3321 661 3387 ἐλαττόνων
677 3345 707 3386 τε
723 3325 775 3386 καὶ
791 3319 928 3408 μειζόνων
944 3318 1061 3407 μορίων,
1084 3324 1136 3385 καὶ
1152 3319 1209 3385 ὅτι
1231 3319 1370 3387 τούτων

200 3427 321 3504 αὖθις
344 3427 714 3515 ἑκάτερονείςέτερα
731 3426 1134 3516 μόριαδιαιρεῖται,ἡ
1158 3426 1373 3517 μὲνέιιλογὴ

200 3547 255 3600 των
278 3538 473 3622 στοιχειωδῶν
496 3536 614 3623 μορίων,
638 3534 818 3622 drepanum
841 3537 918 3616 hepo
942 3532 993 3598 καὶ
1008 3531 1176 3621 ῥηματικῶν
1199 3531 1249 3599 καὶ
1272 3537 1374 3599 συνδε-

199 3655 295 3725 rotor,
319 3643 376 3717 εἴς
399 3668 435 3708 τε
459 3639 1274 3732 τὴνκωρίανφράσιννιαίεἰςτὴντροπινιήν
1298 3694 1306 3713 .
1332 3694 1374 3711 ..

199 3747 312 3838 εἴρηται
333 3752 456 3825 πολλοῖς
477 3748 627 3837 πρότερον.

289 3894 547 3978 Theophras
559 3898 625 3961 tus
644 3896 777 3978 quidem
794 3897 827 3961 in
844 3897 928 3962 libro
943 3899 1009 3981 περὶ
1024 3897 1134 3970 λέξεως
1146 3898 1373 3981 quaesiverat:

200 3996 242 4074 τίς
264 3996 284 4086 ἡ
306 4003 395 4085 κυρία
417 4000 495 4074 λέξις
503 4030 512 4088 5
536 4005 578 4074 τίς
601 4002 633 4064 δὲ
655 3998 675 4088 ἡ
699 4008 900 4090 μεταφορική;
926 4005 1020 4068 cuius
1045 4005 1092 4069 rei
1109 4006 1203 4070 testis
1221 4007 1271 4070 est
1287 4004 1372 4069 Sim-

199 4108 316 4191 plicius
337 4108 381 4172 ad
395 4108 531 4177 Aristot.
549 4112 653 4190 categ.
679 4111 755 4176 edit.
773 4110 874 4179 Basil.
901 4113 983 4175 1551
1010 4132 1042 4195 p.
1059 4113 1091 4190 3,
1114 4112 1156 4180 M.
1181 4111 1374 4177 Schmidt

202 4260 412 4271 Μ

274 4322 299 4388 *)
318 4328 490 4390 perveteres
504 4323 661 4377 secernendi
675 4341 691 4377 a
705 4324 841 4378 veteribus
854 4324 993 4394 (antiquis,
1004 4324 1160 4390 Aristotele,
1171 4324 1372 4395 Theophrasto,

201 4406 366 4479 Theodecte,
386 4412 506 4483 Ephoro,
526 4427 565 4466 or:
584 4412 600 4481 ἓ
619 4410 692 4483 218),
711 4415 744 4468 cf.
764 4415 855 4468 deor.
875 4414 945 4484 1115
968 4414 1026 4470 133.
