3100 4809
685 188 901 254 ,47-

202 367 266 433 sita
290 369 431 453 usurpat
455 363 614 455 (μολοττὸς
637 390 668 450 p.
686 370 763 444 222,
787 368 931 452 βακχεῖος
954 390 984 451 p.
1004 370 1097 448 228),
1123 390 1232 453 neque
1257 370 1374 454 rhyth-

204 477 364 541 micorum
390 476 528 559 cyclium
553 475 673 558 pedem
698 476 859 556 agnoscit.
907 474 1054 552 Quinam
1082 478 1160 541 sunt
1185 480 1298 542 autem
1322 478 1374 542 isti

202 583 354 648 metrici?
379 602 467 647 anne
485 582 739 665 Aristophaneo,
765 583 822 664 qui
839 582 1081 662 grammaticus
1092 583 1246 666 idemque
1265 585 1375 648 metri·

204 710 262 754 cus
286 690 357 764 11111,
383 691 442 753 aut
460 688 636 771 Dionysius
653 688 777 768 Thrax,
802 689 858 770 qui
876 708 976 772 saepe
994 708 1068 752 cum
1085 688 1376 755 Halicarnassensi

203 797 399 881 conspirat?
424 796 490 860 Sed
525 796 613 860 unde
647 796 751 879 ipsius
784 795 958 862 doctrinal
992 796 1154 861 Noniani
1179 797 1315 860 suntin
1340 819 1375 861 a·

203 906 297 987 perto
320 903 465 970 nomina.
502 902 598 965 Aliud
622 903 770 985 porrigat
794 903 826 965 in
852 902 903 965 his
927 903 1075 968 tenebris
1096 904 1240 968 Ariadne
1263 905 1373 982 iilum3

204 1013 340 1075 nomina
362 1011 496 1089 desani,
524 1031 560 1074 re
585 1010 675 1073 ducti
699 1029 919 1093 quaeramus:
951 1009 1013 1086 Qui
1045 1013 1124 1074 sunt
1154 1011 1209 1094 qui
1240 1012 1375 1095 syllabis

203 1118 306 1202 pedes
337 1118 586 1182 metiebantur?
619 1117 871 1199 Optatissimum
903 1119 953 1182 est
983 1118 1073 1200 quod
1103 1118 1250 1183 Cicero
1274 1140 1321 1184 or.
1346 1139 1373 1184 c.

204 1228 245 1290 57
269 1225 287 1307 ξ
321 1229 379 1292 191
414 1228 447 1289 et
473 1227 535 1290 191
565 1225 606 1288 de
637 1225 785 1289 numeris
817 1225 991 1308 disputans
1015 1228 1135 1294 tradit:
1169 1227 1372 1310 Ephorus

203 1337 327 1415 autem,
360 1333 442 1397 levis
465 1332 538 1416 ipse
562 1334 682 1409 orator,
708 1332 781 1395 sed
805 1332 1030 1414 profectus
1055 1355 1101 1398 ex
1125 1336 1287 1417 optima
1310 1333 1374 1397 di·

204 1440 411 1523 sciplina,
435 1460 568 1523 paeana
585 1440 736 1523 sequitur
752 1441 812 1503 aut
827 1438 1007 1521 dactylum.
1031 1440 1114 1521 sugit
1138 1443 1250 1505 autem
1274 1460 1375 1523 spon-

201 1547 302 1611 deum
327 1549 359 1611 et
383 1548 588 1612 trochaeum.
614 1599 621 1613 .
648 1598 654 1613 .
680 1596 688 1612 .
714 1545 869 1629 Ephorus
900 1566 980 1610 vero
1011 1566 1054 1611 ne
1086 1548 1374 1630 spondeum-qui-

201 1654 289 1725 dem,
314 1673 413 1737 quem
438 1654 530 1734 fugit,
556 1653 716 1734 intellegit
733 1673 806 1716 esse
824 1653 1000 1735 aequalem
1017 1653 1159 1737 dactyle,
1184 1674 1282 1736 quem
1298 1674 1375 1737 pro·

202 1759 270 1826 bat.
317 1759 507 1843 Syllabis
533 1761 644 1824 enim
674 1760 915 1824 metiendos
939 1759 1087 1843 pedes,
1119 1780 1204 1824 non
1236 1760 1374 1824 inter·

201 1866 332 1930 vallis
358 1868 604 1941 existimat3
629 1868 718 1950 quod
734 1867 821 1930 idem
839 1866 918 1931 lacit
942 1867 974 1929 in
991 1867 1161 1936 trochaeo,
1186 1867 1241 1949 qui
1265 1869 1374 1932 tem-

201 1973 385 2067 poribus
410 1975 443 2038 et
463 1975 645 2039 intervallis
663 1976 713 2039 est
737 1994 799 2057 par
822 1973 956 2042 iamho‘.
989 1973 1118 2056 riddeg
1139 1975 1219 2038 172:
1238 1974 1374 2052 ‚Omitto

200 2080 1373 2165 IsocratemdiscipulosqueeiusEphorumetNaucratem,

202 2208 404 2271 quamquam
440 2188 597 2253 orationis
631 2186 806 2251 faciendae
843 2191 875 2251 et
907 2189 1078 2253 ornandae
1103 2191 1258 2252 auctores
1283 2188 1374 2252 locu·

200 2294 440 2378 pletissimique
475 2294 536 2378 ipsi
567 2297 717 2359 oratores
750 2314 824 2358 esse
860 2294 1053 2360 dehebant!
1078 2295 1133 2360 ci.
1170 2295 1211 2358 de
1247 2315 1294 2363 01.
1330 2295 1374 2359 111

199 2401 419 2481 §manica
465 2403 503 2467 In
528 2400 844 2467 Isocrateorum
874 2401 973 2483 igitur
1003 2402 1209 2485 disciplinam
1241 2402 1374 2465 deducti

85 2584 88 2589 ,
200 2529 325 2575 sumus.

133 2659 135 2663 -
171 2673 173 2678 .
288 2616 398 2700 Atque
431 2618 655 2681 isocrates
690 2618 840 2701 quidem,
881 2619 980 2701 caput
1014 2616 1207 2699 disciplinae
1240 2620 1271 2681 et
1301 2617 1373 2698 ipse

198 2723 424 2788 limatissimus
448 2725 637 2790 orationum
662 2725 791 2803 artilex,
823 2725 855 2788 in
890 2728 961 2789 arte
986 2727 1207 2807 praeceperat
1238 2723 1371 2805 (fragm.

200 2833 244 2895 12.
265 2832 354 2914 apud
378 2831 644 2915 Baiter-Sauppe
669 2834 752 2897 orat.
777 2832 873 2912 111111
898 2828 987 2910 ,ὅλως
1010 2830 1041 2893 δὲ
1065 2827 1081 2893 ὁ
1104 2828 1193 2910 λόγος
1216 2832 1258 2915 μὴ
1282 2830 1371 2910 λόγος

196 2934 291 2999 ἔστω·
315 2936 403 3022 ξηρὸν
426 2942 492 3020 γάρ,
510 2937 585 3023 μηδὲ
600 2936 760 3023 ἔμμετρος·
783 2941 952 3025 καταφανὲς
966 2935 1035 3020 γάρ.
1058 2936 1136 3001 ἀλλὰ
1160 2935 1372 3023 μεμίχθω*)

196 3047 308 3108 παντὶ
324 3040 441 3128 ῥυθμῷ,
463 3046 589 3128 μάλιστα
609 3040 740 3129 ἰαμβτκῷ
756 3041 776 3129 ἢ
793 3054 954 3129 τροχαϊκῶ.
989 3046 1048 3109 1111
1066 3064 1199 3127 quoque
1223 3047 1259 3108 ut
1282 3044 1371 3126 apud

196 3151 389 3235 Dionysium
412 3147 530 3235 ῥοθμὸς
553 3152 639 3216 idern
656 3153 775 3216 dicitur
797 3151 885 3233 quod
905 3154 986 3223 τοὺς.
1021 3153 1085 3216 Sed
1101 3152 1205 3216 habet
1218 3151 1371 3215 hiclocus

197 3258 668 3343 aliquidspinosiSpeugelius
680 3259 1280 3342 adnotat:‚Quaeposlremasiipsius
1292 3260 1371 3322 sunt

195 3364 350 3431 Isocratis
370 3387 479 3450 neque
496 3387 536 3431 ex
545 3366 757 3449 Hermogene
772 3367 888 3431 111298
907 3367 1072 3432 translata
1088 3367 1173 3445 (aliis
1191 3367 1276 3430 enim
1291 3365 1370 3429 locis

195 3473 279 3537 haec
295 3474 553 3556 desiderantur),
565 3473 789 3552 Aristotelem,
809 3474 864 3557 qui
881 3473 953 3537 illos
971 3494 1128 3538 numeros
1145 3476 1190 3556 1,υ
1202 3501 1255 3548 -‚
1284 3474 1368 3552 w)

192 3578 371 3663 improbat,
396 3581 430 3644 et
453 3578 506 3643 hic
529 3579 684 3644 Isocratis
714 3580 897 3644 doctrinam
923 3580 1119 3663 impugnare
1145 3582 1270 3644 certum
1297 3582 1367 3643 est‘.

193 3686 258 3750 Sed
282 3688 463 3770 praecepta
488 3686 645 3769 Dionysii,
679 3707 780 3770 quem
813 3691 846 3752 et
878 3688 955 3752 alibi
978 3687 1133 3753 Isocratis
1158 3686 1367 3769 disciplinam

191 3794 342 3858 secutum
367 3814 442 3858 esse
467 3795 649 3859 ostendunt
674 3794 734 3858 loci
757 3816 780 3877 p
805 3795 869 3859 489
883 3795 922 3872 R,
937 3797 1012 3872 492,
1027 3796 1102 3865 491,
1117 3796 1192 3872 496,
1206 3796 1270 3858 alu
1288 3796 1364 3872 etc„

193 3901 273 3964 mire
297 3920 372 3964 curn
391 3902 548 3966 Isocratis
573 3901 681 3965 verbis
706 3905 906 3983 congruunt,
932 3902 995 3966 nisi
1019 3904 1109 3984 quod
1135 3901 1310 3966 trochaeos
1336 3903 1368 3965 et

191 4006 407 4090 aliquatenus
431 4009 559 4073 iambos
583 4007 759 4091 improbat.
800 4008 940 4091 Expellit
964 4010 1140 4075 trochaeos
1164 4008 1365 4091 Ephorus

281 4166 308 4238 *1
328 4168 439 4236 Dionys
459 4170 492 4222 de
510 4184 598 4237 comp.
624 4186 650 4236 p.
676 4168 742 4221 232:
769 4166 837 4237 ,οὐδὲ
855 4171 904 4238 γὰρ
930 4166 1096 4221 ἀπελαύνεται
1121 4168 1218 4239 ῥυθμὸς
1237 4165 1319 4229 οὐδεὶς
1339 4167 1366 4219 ἐκ

187 4261 236 4326 τῆς
255 4254 362 4328 ἀμέτρου
381 4256 480 4322 λέξεως,
499 4257 582 4327 ὥσπερ
602 4257 629 4309 ὲκ
648 4264 695 4327 τῆς
715 4256 854 4327 ὲμμότροοέ
886 4257 980 4312 Cicero
999 4275 1038 4312 or.
1058 4256 1074 4324 fi
1096 4257 1159 4310 195:
1191 4256 1256 4324 ,Ego
1275 4261 1368 4310 aulem

187 4344 276 4399 sentio
295 4363 413 4400 omnes
433 4347 461 4401 in
474 4346 596 4401 oratione
608 4363 667 4400 esse
680 4346 759 4416 quasi
777 4346 978 4415 permixtos
997 4350 1030 4399 et
1050 4345 1367 4415 confusospedes‘·
