<?xml version="1.0" encoding="UTF-8"?>
<!DOCTYPE html PUBLIC "-//W3C//DTD XHTML 1.0 Transitional//EN"
    "http://www.w3.org/TR/xhtml1/DTD/xhtml1-transitional.dtd">
<html xmlns="http://www.w3.org/1999/xhtml" xml:lang="en" lang="en">
 <head>
  <title>
</title>
<meta http-equiv="Content-Type" content="text/html;charset=utf-8" />
  <meta name='ocr-system' content='tesseract 3.04.00' />
  <meta name='ocr-capabilities' content='ocr_page ocr_carea ocr_par ocr_line ocrx_word'/>
</head>
<body>
  <div class='ocr_page' id='page_1' title='image "./dedionysiihalic00ammogoog_0056.png"; bbox 0 0 3100 4809; ppageno 0'>
   <div class='ocr_carea' id='block_1_1' title="bbox 658 165 876 243">
    <p class='ocr_par' dir='ltr' id='par_1_1' title="bbox 658 165 876 243">
     <span class='ocr_line' id='line_1_1' title="bbox 658 165 876 243; baseline 0.005 -19"><span class='ocrx_word' id='word_1_1' title='bbox 658 165 876 243; x_wconf 70' lang='grc'>..46-</span> 
     </span>
    </p>
   </div>
   <div class='ocr_carea' id='block_1_2' title="bbox 105 354 1357 4294">
    <p class='ocr_par' dir='ltr' id='par_1_2' title="bbox 177 354 1351 640">
     <span class='ocr_line' id='line_1_2' title="bbox 177 354 1348 442; baseline -0.008 -15"><span class='ocrx_word' id='word_1_2' title='bbox 177 361 236 428; x_wconf 90' lang='lat' dir='ltr'><strong>sed</strong></span> <span class='ocrx_word' id='word_1_3' title='bbox 260 359 362 426; x_wconf 89' lang='lat' dir='ltr'><strong>etiam</strong></span> <span class='ocrx_word' id='word_1_4' title='bbox 386 358 427 425; x_wconf 87' lang='lat' dir='ltr'><strong>de</strong></span> <span class='ocrx_word' id='word_1_5' title='bbox 446 362 517 425; x_wconf 84' lang='lat' dir='ltr'><strong>arte</strong></span> <span class='ocrx_word' id='word_1_6' title='bbox 534 359 672 438; x_wconf 86' lang='lat' dir='ltr'><strong>musica,</strong></span> <span class='ocrx_word' id='word_1_7' title='bbox 696 358 748 442; x_wconf 91' lang='lat' dir='ltr'><strong>cui</strong></span> <span class='ocrx_word' id='word_1_8' title='bbox 766 356 927 421; x_wconf 73' lang='lat' dir='ltr'><strong>subicitur</strong></span> <span class='ocrx_word' id='word_1_9' title='bbox 946 356 1083 420; x_wconf 84' lang='lat' dir='ltr'><strong>metrica</strong></span> <span class='ocrx_word' id='word_1_10' title='bbox 1100 358 1133 419; x_wconf 89' lang='lat' dir='ltr'><strong>et</strong></span> <span class='ocrx_word' id='word_1_11' title='bbox 1149 354 1348 440; x_wconf 88' lang='lat' dir='ltr'><strong>rhythmica,</strong></span> 
     </span>
     <span class='ocr_line' id='line_1_3' title="bbox 178 448 1351 552; baseline -0.009 -19"><span class='ocrx_word' id='word_1_12' title='bbox 178 468 393 552; x_wconf 79' lang='lat' dir='ltr'><strong>quaesivisse,</strong></span> <span class='ocrx_word' id='word_1_13' title='bbox 418 468 450 531; x_wconf 88' lang='lat' dir='ltr'><strong>et</strong></span> <span class='ocrx_word' id='word_1_14' title='bbox 474 488 534 551; x_wconf 91' lang='lat' dir='ltr'><strong>per</strong></span> <span class='ocrx_word' id='word_1_15' title='bbox 559 487 594 531; x_wconf 89' lang='lat' dir='ltr'><strong>se</strong></span> <span class='ocrx_word' id='word_1_16' title='bbox 619 448 886 529; x_wconf 82' lang='lat' dir='ltr'><strong>consentaneum</strong></span> <span class='ocrx_word' id='word_1_17' title='bbox 911 466 960 527; x_wconf 88' lang='lat' dir='ltr'><strong>est</strong></span> <span class='ocrx_word' id='word_1_18' title='bbox 984 466 1017 527; x_wconf 87' lang='lat' dir='ltr'><strong>et</strong></span> <span class='ocrx_word' id='word_1_19' title='bbox 1034 463 1130 527; x_wconf 87' lang='lat' dir='ltr'><strong>certis</strong></span> <span class='ocrx_word' id='word_1_20' title='bbox 1155 461 1351 527; x_wconf 77' lang='lat' dir='ltr'><strong>testimoniis</strong></span> 
     </span>
     <span class='ocr_line' id='line_1_4' title="bbox 177 575 338 640; baseline 0.006 -1"><span class='ocrx_word' id='word_1_21' title='bbox 177 575 338 640; x_wconf 86' lang='lat' dir='ltr'><strong>firmatur.</strong></span> 
     </span>
    </p>

    <p class='ocr_par' dir='ltr' id='par_1_3' title="bbox 105 662 1357 2579">
     <span class='ocr_line' id='line_1_5' title="bbox 184 662 1352 763; baseline -0.006 -18"><span class='ocrx_word' id='word_1_22' title='bbox 184 729 186 732; x_wconf 87' lang='lat'>-</span> <span class='ocrx_word' id='word_1_23' title='bbox 268 680 461 763; x_wconf 88' lang='lat' dir='ltr'><strong>Dionysium</strong></span> <span class='ocrx_word' id='word_1_24' title='bbox 473 682 584 745; x_wconf 85' lang='lat' dir='ltr'><strong>autem</strong></span> <span class='ocrx_word' id='word_1_25' title='bbox 599 679 686 742; x_wconf 83' lang='lat' dir='ltr'><strong>viam</strong></span> <span class='ocrx_word' id='word_1_26' title='bbox 704 678 812 761; x_wconf 90' lang='lat' dir='ltr'><strong>ipsum</strong></span> <span class='ocrx_word' id='word_1_27' title='bbox 830 677 891 740; x_wconf 92' lang='lat' dir='ltr'><strong>sibi</strong></span> <span class='ocrx_word' id='word_1_28' title='bbox 908 676 972 740; x_wconf 87' lang='lat' dir='ltr'><strong>hae</strong></span> <span class='ocrx_word' id='word_1_29' title='bbox 988 676 1022 739; x_wconf 92' lang='lat' dir='ltr'><strong>iu</strong></span> <span class='ocrx_word' id='word_1_30' title='bbox 1046 662 1142 760; x_wconf 85' lang='lat' dir='ltr'><strong>parte</strong></span> <span class='ocrx_word' id='word_1_31' title='bbox 1161 676 1352 752; x_wconf 80' lang='lat' dir='ltr'><strong>munivisse,</strong></span> 
     </span>
     <span class='ocr_line' id='line_1_6' title="bbox 105 783 1350 872; baseline -0.007 -18"><span class='ocrx_word' id='word_1_32' title='bbox 105 785 109 790; x_wconf 43' lang='lat'><strong><em>⁴</em></strong></span> <span class='ocrx_word' id='word_1_33' title='bbox 177 809 245 853; x_wconf 95' lang='lat' dir='ltr'><strong>non</strong></span> <span class='ocrx_word' id='word_1_34' title='bbox 271 787 417 872; x_wconf 82' lang='lat' dir='ltr'><strong>priorum</strong></span> <span class='ocrx_word' id='word_1_35' title='bbox 443 786 588 868; x_wconf 78' lang='lat' dir='ltr'><strong>vestigiis</strong></span> <span class='ocrx_word' id='word_1_36' title='bbox 620 786 792 850; x_wconf 86' lang='lat' dir='ltr'><strong>institisse.</strong></span> <span class='ocrx_word' id='word_1_37' title='bbox 823 785 896 867; x_wconf 91' lang='lat' dir='ltr'><strong>quis</strong></span> <span class='ocrx_word' id='word_1_38' title='bbox 927 784 989 847; x_wconf 91' lang='lat' dir='ltr'><strong>sibi</strong></span> <span class='ocrx_word' id='word_1_39' title='bbox 1018 783 1245 866; x_wconf 78' lang='lat' dir='ltr'><strong>persuadebit,</strong></span> <span class='ocrx_word' id='word_1_40' title='bbox 1277 802 1350 846; x_wconf 88' lang='lat' dir='ltr'><strong>cum</strong></span> 
     </span>
     <span class='ocr_line' id='line_1_7' title="bbox 178 889 1352 980; baseline -0.007 -20"><span class='ocrx_word' id='word_1_41' title='bbox 178 897 249 980; x_wconf 90' lang='lat' dir='ltr'><strong>ipse</strong></span> <span class='ocrx_word' id='word_1_42' title='bbox 273 894 407 978; x_wconf 85' lang='lat' dir='ltr'><strong>saepius</strong></span> <span class='ocrx_word' id='word_1_43' title='bbox 432 913 533 977; x_wconf 87' lang='lat' dir='ltr'><strong>quarn</strong></span> <span class='ocrx_word' id='word_1_44' title='bbox 559 891 641 957; x_wconf 87' lang='lat' dir='ltr'><strong>alias</strong></span> <span class='ocrx_word' id='word_1_45' title='bbox 665 892 821 954; x_wconf 90' lang='lat' dir='ltr'><strong>metricos</strong></span> <span class='ocrx_word' id='word_1_46' title='bbox 854 893 886 954; x_wconf 92' lang='lat' dir='ltr'><strong>et</strong></span> <span class='ocrx_word' id='word_1_47' title='bbox 917 889 1121 972; x_wconf 88' lang='lat' dir='ltr'><strong>rhythmicos</strong></span> <span class='ocrx_word' id='word_1_48' title='bbox 1147 890 1285 953; x_wconf 83' lang='lat' dir='ltr'><strong>laudet?</strong></span> <span class='ocrx_word' id='word_1_49' title='bbox 1317 892 1352 952; x_wconf 93' lang='lat' dir='ltr'><strong>ut</strong></span> 
     </span>
     <span class='ocr_line' id='line_1_8' title="bbox 177 986 1352 1084; baseline -0.009 -17"><span class='ocrx_word' id='word_1_50' title='bbox 177 1003 218 1067; x_wconf 90' lang='lat' dir='ltr'><strong>de</strong></span> <span class='ocrx_word' id='word_1_51' title='bbox 244 1022 351 1084; x_wconf 88' lang='lat' dir='ltr'><strong>comp.</strong></span> <span class='ocrx_word' id='word_1_52' title='bbox 376 1022 407 1084; x_wconf 83' lang='lat' dir='ltr'><strong>p.</strong></span> <span class='ocrx_word' id='word_1_53' title='bbox 427 1002 510 1065; x_wconf 80' lang='lat'><strong>224:</strong></span> <span class='ocrx_word' id='word_1_54' title='bbox 536 994 563 1060; x_wconf 82' lang='lat' dir='ltr'><strong>ot</strong></span> <span class='ocrx_word' id='word_1_55' title='bbox 579 1002 675 1082; x_wconf 89' lang='grc' dir='ltr'>μέντοι</span> <span class='ocrx_word' id='word_1_56' title='bbox 692 986 887 1081; x_wconf 69' lang='grc' dir='ltr'>ῥυθμικοὶ</span> <span class='ocrx_word' id='word_1_57' title='bbox 909 992 1010 1059; x_wconf 74' lang='grc' dir='ltr'>τούτου</span> <span class='ocrx_word' id='word_1_58' title='bbox 1027 1005 1077 1059; x_wconf 79' lang='grc' dir='ltr'><strong>τοῦ</strong></span> <span class='ocrx_word' id='word_1_59' title='bbox 1092 995 1183 1067; x_wconf 82' lang='grc' dir='ltr'>ποδὸς</span> <span class='ocrx_word' id='word_1_60' title='bbox 1200 991 1352 1079; x_wconf 72' lang='lat' dir='ltr'><strong>(dactyli)</strong></span> 
     </span>
     <span class='ocr_line' id='line_1_9' title="bbox 177 1097 1353 1195; baseline -0.009 -24"><span class='ocrx_word' id='word_1_61' title='bbox 177 1111 228 1195; x_wconf 74' lang='grc' dir='ltr'><strong>τὴν</strong></span> <span class='ocrx_word' id='word_1_62' title='bbox 252 1110 370 1193; x_wconf 83' lang='grc' dir='ltr'>μακρὰν</span> <span class='ocrx_word' id='word_1_63' title='bbox 393 1108 581 1192; x_wconf 78' lang='grc' dir='ltr'>βραχυτέραν</span> <span class='ocrx_word' id='word_1_64' title='bbox 604 1101 674 1168; x_wconf 81' lang='grc' dir='ltr'>εἷναί</span> <span class='ocrx_word' id='word_1_65' title='bbox 697 1125 770 1189; x_wconf 75' lang='grc' dir='ltr'>φασι</span> <span class='ocrx_word' id='word_1_66' title='bbox 792 1113 846 1188; x_wconf 69' lang='grc' dir='ltr'><strong>τῆς</strong></span> <span class='ocrx_word' id='word_1_67' title='bbox 863 1099 993 1174; x_wconf 70' lang='grc' dir='ltr'>τελείας·</span> <span class='ocrx_word' id='word_1_68' title='bbox 1017 1098 1071 1164; x_wconf 73' lang='lat' dir='ltr'><strong>aba</strong></span> <span class='ocrx_word' id='word_1_69' title='bbox 1087 1102 1204 1188; x_wconf 80' lang='grc' dir='ltr'>ἔχοντες</span> <span class='ocrx_word' id='word_1_70' title='bbox 1220 1101 1252 1165; x_wconf 86' lang='grc' dir='ltr'><strong>δὲ</strong></span> <span class='ocrx_word' id='word_1_71' title='bbox 1268 1097 1353 1164; x_wconf 73' lang='grc' dir='ltr'>εἰπεῖν</span> 
     </span>
     <span class='ocr_line' id='line_1_10' title="bbox 176 1207 1353 1297; baseline -0.007 -19"><span class='ocrx_word' id='word_1_72' title='bbox 176 1220 268 1297; x_wconf 73' lang='grc' dir='ltr'>πόσῳ,</span> <span class='ocrx_word' id='word_1_73' title='bbox 302 1213 441 1278; x_wconf 80' lang='grc' dir='ltr'>καλοῦσιν</span> <span class='ocrx_word' id='word_1_74' title='bbox 476 1208 566 1297; x_wconf 75' lang='grc' dir='ltr'>αὐτὴν</span> <span class='ocrx_word' id='word_1_75' title='bbox 600 1210 717 1291; x_wconf 77' lang='grc' dir='ltr'>ἄλοχον.</span> <span class='ocrx_word' id='word_1_76' title='bbox 752 1207 849 1293; x_wconf 81' lang='grc' dir='ltr'>ἕτερον</span> <span class='ocrx_word' id='word_1_77' title='bbox 879 1209 911 1271; x_wconf 89' lang='grc' dir='ltr'><strong>δέ</strong></span> <span class='ocrx_word' id='word_1_78' title='bbox 947 1208 1133 1296; x_wconf 79' lang='grc' dir='ltr'>ἀντίστρορόν</span> <span class='ocrx_word' id='word_1_79' title='bbox 1169 1232 1230 1272; x_wconf 89' lang='grc' dir='ltr'>τινα</span> <span class='ocrx_word' id='word_1_80' title='bbox 1263 1212 1353 1291; x_wconf 66' lang='grc' dir='ltr'>τοτ’)τῳ</span> 
     </span>
     <span class='ocr_line' id='line_1_11' title="bbox 176 1313 1354 1407; baseline -0.007 -23"><span class='ocrx_word' id='word_1_81' title='bbox 176 1318 300 1407; x_wconf 76' lang='grc' dir='ltr'>ῥυθμόν,</span> <span class='ocrx_word' id='word_1_82' title='bbox 333 1320 366 1393; x_wconf 84' lang='grc' dir='ltr'><strong>ὃς</strong></span> <span class='ocrx_word' id='word_1_83' title='bbox 395 1318 454 1384; x_wconf 81' lang='grc' dir='ltr'><strong>ἀπὸ</strong></span> <span class='ocrx_word' id='word_1_84' title='bbox 478 1320 624 1404; x_wconf 77' lang='grc' dir='ltr'>βραχειῶν</span> <span class='ocrx_word' id='word_1_85' title='bbox 648 1317 810 1401; x_wconf 77' lang='grc' dir='ltr'>ἀρξάμενος</span> <span class='ocrx_word' id='word_1_86' title='bbox 833 1313 879 1379; x_wconf 82' lang='grc' dir='ltr'><strong>ἐπὶ</strong></span> <span class='ocrx_word' id='word_1_87' title='bbox 902 1319 954 1401; x_wconf 82' lang='grc' dir='ltr'><strong>τὴν</strong></span> <span class='ocrx_word' id='word_1_88' title='bbox 977 1315 1084 1397; x_wconf 77' lang='grc' dir='ltr'>ἄλογον</span> <span class='ocrx_word' id='word_1_89' title='bbox 1107 1316 1236 1400; x_wconf 68' lang='grc' dir='ltr'>τελευτᾷ,</span> <span class='ocrx_word' id='word_1_90' title='bbox 1260 1314 1354 1401; x_wconf 84' lang='grc' dir='ltr'>χωρί-</span> 
     </span>
     <span class='ocr_line' id='line_1_12' title="bbox 176 1420 1353 1508; baseline -0.007 -17"><span class='ocrx_word' id='word_1_91' title='bbox 176 1450 278 1499; x_wconf 89' lang='grc' dir='ltr'>σαντες</span> <span class='ocrx_word' id='word_1_92' title='bbox 300 1426 359 1489; x_wconf 79' lang='grc' dir='ltr'><strong>ἀπὸ</strong></span> <span class='ocrx_word' id='word_1_93' title='bbox 382 1436 439 1489; x_wconf 88' lang='grc' dir='ltr'><strong>τῶν</strong></span> <span class='ocrx_word' id='word_1_94' title='bbox 460 1426 654 1503; x_wconf 67' lang='grc' dir='ltr'>ἀναπαίστων,</span> <span class='ocrx_word' id='word_1_95' title='bbox 679 1421 790 1487; x_wconf 73' lang='grc' dir='ltr'>κύκλον</span> <span class='ocrx_word' id='word_1_96' title='bbox 812 1425 945 1488; x_wconf 70' lang='grc' dir='ltr'>καλοῦσι,</span> <span class='ocrx_word' id='word_1_97' title='bbox 970 1447 1002 1508; x_wconf 90' lang='lat' dir='ltr'><strong>p.</strong></span> <span class='ocrx_word' id='word_1_98' title='bbox 1017 1427 1098 1490; x_wconf 77' lang='lat'><strong>228:</strong></span> <span class='ocrx_word' id='word_1_99' title='bbox 1122 1428 1232 1497; x_wconf 72' lang='grc' dir='ltr'>τοὺτοις</span> <span class='ocrx_word' id='word_1_100' title='bbox 1255 1420 1353 1508; x_wconf 80' lang='grc' dir='ltr'>ἀμρο-</span> 
     </span>
     <span class='ocr_line' id='line_1_13' title="bbox 176 1526 1355 1620; baseline -0.005 -23"><span class='ocrx_word' id='word_1_101' title='bbox 176 1537 271 1618; x_wconf 87' lang='grc' dir='ltr'>τέρσις</span> <span class='ocrx_word' id='word_1_102' title='bbox 304 1530 435 1620; x_wconf 82' lang='grc' dir='ltr'>ὀνόματα</span> <span class='ocrx_word' id='word_1_103' title='bbox 470 1543 564 1595; x_wconf 82' lang='grc' dir='ltr'>κεῖται</span> <span class='ocrx_word' id='word_1_104' title='bbox 598 1542 658 1603; x_wconf 85' lang='grc' dir='ltr'>τοῖς</span> <span class='ocrx_word' id='word_1_105' title='bbox 692 1533 775 1594; x_wconf 82' lang='grc' dir='ltr'>ποσὶν</span> <span class='ocrx_word' id='word_1_106' title='bbox 809 1526 864 1594; x_wconf 75' lang='grc' dir='ltr'><strong>ὑπὸ</strong></span> <span class='ocrx_word' id='word_1_107' title='bbox 900 1544 955 1593; x_wconf 87' lang='grc' dir='ltr'><strong>τῶν</strong></span> <span class='ocrx_word' id='word_1_108' title='bbox 990 1542 1180 1617; x_wconf 87' lang='grc' dir='ltr'>μετρικῶν</span> <span class='ocrx_word' id='word_1_109' title='bbox 1213 1532 1355 1616; x_wconf 77' lang='grc' dir='ltr'>βακχεῖος</span> 
     </span>
     <span class='ocr_line' id='line_1_14' title="bbox 178 1635 1353 1726; baseline -0.003 -22"><span class='ocrx_word' id='word_1_110' title='bbox 178 1645 230 1726; x_wconf 81' lang='grc' dir='ltr'><strong>μὲν</strong></span> <span class='ocrx_word' id='word_1_111' title='bbox 252 1652 292 1725; x_wconf 82' lang='grc' dir='ltr'><strong>τῷ</strong></span> <span class='ocrx_word' id='word_1_112' title='bbox 317 1646 448 1725; x_wconf 75' lang='grc' dir='ltr'>προτέρω</span> <span class='ocrx_word' id='word_1_113' title='bbox 472 1647 518 1718; x_wconf 89' lang='grc'><strong>(-</strong></span> <span class='ocrx_word' id='word_1_114' title='bbox 537 1689 570 1696; x_wconf 88' lang='grc'>-</span> <span class='ocrx_word' id='word_1_115' title='bbox 582 1641 636 1723; x_wconf 61' lang='lat' dir='ltr'><strong>c),</strong></span> <span class='ocrx_word' id='word_1_116' title='bbox 661 1641 781 1723; x_wconf 73' lang='grc' dir='ltr'>θατέρῳ</span> <span class='ocrx_word' id='word_1_117' title='bbox 800 1642 845 1722; x_wconf 61' lang='grc' dir='ltr'><strong>(υ</strong></span> <span class='ocrx_word' id='word_1_118' title='bbox 856 1687 889 1694; x_wconf 90' lang='grc'><strong>..</strong></span> <span class='ocrx_word' id='word_1_119' title='bbox 901 1641 947 1720; x_wconf 77' lang='grc'><strong>-)</strong></span> <span class='ocrx_word' id='word_1_120' title='bbox 963 1639 996 1701; x_wconf 81' lang='grc' dir='ltr'><strong>δὲ</strong></span> <span class='ocrx_word' id='word_1_121' title='bbox 1011 1635 1220 1723; x_wconf 72' lang='grc' dir='ltr'>ὑποβακχεῖος.</span> <span class='ocrx_word' id='word_1_122' title='bbox 1259 1637 1353 1714; x_wconf 87' lang='lat' dir='ltr'><strong>Quae</strong></span> 
     </span>
     <span class='ocr_line' id='line_1_15' title="bbox 178 1745 1355 1833; baseline -0.004 -21"><span class='ocrx_word' id='word_1_123' title='bbox 178 1750 287 1832; x_wconf 89' lang='lat' dir='ltr'><strong>priore</strong></span> <span class='ocrx_word' id='word_1_124' title='bbox 324 1749 396 1813; x_wconf 93' lang='lat' dir='ltr'><strong>loco</strong></span> <span class='ocrx_word' id='word_1_125' title='bbox 431 1749 577 1833; x_wconf 86' lang='lat' dir='ltr'><strong>disputat</strong></span> <span class='ocrx_word' id='word_1_126' title='bbox 614 1750 655 1813; x_wconf 90' lang='lat' dir='ltr'><strong>de</strong></span> <span class='ocrx_word' id='word_1_127' title='bbox 680 1749 887 1831; x_wconf 87' lang='lat' dir='ltr'><strong>rhythmicis,</strong></span> <span class='ocrx_word' id='word_1_128' title='bbox 918 1749 1072 1830; x_wconf 82' lang='lat' dir='ltr'><strong>spectant</strong></span> <span class='ocrx_word' id='word_1_129' title='bbox 1097 1747 1130 1808; x_wconf 94' lang='lat' dir='ltr'><strong>ni</strong></span> <span class='ocrx_word' id='word_1_130' title='bbox 1162 1746 1257 1809; x_wconf 82' lang='lat' dir='ltr'><strong>fallor</strong></span> <span class='ocrx_word' id='word_1_131' title='bbox 1281 1745 1355 1808; x_wconf 90' lang='lat' dir='ltr'><strong>Ari·</strong></span> 
     </span>
     <span class='ocr_line' id='line_1_16' title="bbox 179 1854 1352 1938; baseline -0.003 -19"><span class='ocrx_word' id='word_1_132' title='bbox 179 1858 375 1931; x_wconf 79' lang='lat' dir='ltr'><strong>stoxeneos3</strong></span> <span class='ocrx_word' id='word_1_133' title='bbox 409 1857 563 1921; x_wconf 90' lang='lat' dir='ltr'><strong>metricos</strong></span> <span class='ocrx_word' id='word_1_134' title='bbox 588 1856 829 1936; x_wconf 85' lang='lat' dir='ltr'><strong>intellegendos</strong></span> <span class='ocrx_word' id='word_1_135' title='bbox 854 1857 935 1938; x_wconf 88' lang='lat' dir='ltr'><strong>puto</strong></span> <span class='ocrx_word' id='word_1_136' title='bbox 959 1854 1206 1934; x_wconf 82' lang='lat' dir='ltr'><strong>grammaticos,</strong></span> <span class='ocrx_word' id='word_1_137' title='bbox 1232 1873 1298 1935; x_wconf 91' lang='lat' dir='ltr'><strong>quo</strong></span> <span class='ocrx_word' id='word_1_138' title='bbox 1323 1854 1352 1915; x_wconf 96' lang='lat' dir='ltr'><strong>in</strong></span> 
     </span>
     <span class='ocr_line' id='line_1_17' title="bbox 178 1962 1356 2045; baseline -0.003 -18"><span class='ocrx_word' id='word_1_139' title='bbox 178 1983 319 2027; x_wconf 90' lang='lat' dir='ltr'><strong>numero</strong></span> <span class='ocrx_word' id='word_1_140' title='bbox 356 1966 435 2027; x_wconf 88' lang='lat' dir='ltr'><strong>suut</strong></span> <span class='ocrx_word' id='word_1_141' title='bbox 473 1963 699 2028; x_wconf 86' lang='lat' dir='ltr'><strong>Alexandrini.</strong></span> <span class='ocrx_word' id='word_1_142' title='bbox 750 1963 1088 2045; x_wconf 81' lang='lat' dir='ltr'><strong>Aristophanem</strong></span> <span class='ocrx_word' id='word_1_143' title='bbox 1127 1962 1214 2025; x_wconf 90' lang='lat' dir='ltr'><strong>euim</strong></span> <span class='ocrx_word' id='word_1_144' title='bbox 1254 1962 1356 2024; x_wconf 83' lang='lat' dir='ltr'><strong>refert</strong></span> 
     </span>
     <span class='ocr_line' id='line_1_18' title="bbox 179 2064 1355 2153; baseline -0.008 -18"><span class='ocrx_word' id='word_1_145' title='bbox 179 2070 356 2153; x_wconf 88' lang='lat' dir='ltr'><strong>Dionysius</strong></span> <span class='ocrx_word' id='word_1_146' title='bbox 387 2070 473 2134; x_wconf 89' lang='lat' dir='ltr'><strong>inter</strong></span> <span class='ocrx_word' id='word_1_147' title='bbox 497 2071 652 2135; x_wconf 86' lang='lat' dir='ltr'><strong>metricos</strong></span> <span class='ocrx_word' id='word_1_148' title='bbox 684 2070 725 2133; x_wconf 92' lang='lat' dir='ltr'><strong>de</strong></span> <span class='ocrx_word' id='word_1_149' title='bbox 750 2090 856 2152; x_wconf 91' lang='lat' dir='ltr'><strong>comp.</strong></span> <span class='ocrx_word' id='word_1_150' title='bbox 883 2091 914 2152; x_wconf 91' lang='lat' dir='ltr'><strong>p.</strong></span> <span class='ocrx_word' id='word_1_151' title='bbox 933 2071 996 2134; x_wconf 81' lang='lat'><strong>312</strong></span> <span class='ocrx_word' id='word_1_152' title='bbox 1022 2069 1117 2132; x_wconf 86' lang='lat' dir='ltr'><strong>Scb.:</strong></span> <span class='ocrx_word' id='word_1_153' title='bbox 1142 2064 1240 2129; x_wconf 80' lang='grc' dir='ltr'>Κῶλα</span> <span class='ocrx_word' id='word_1_154' title='bbox 1264 2066 1295 2128; x_wconf 81' lang='grc' dir='ltr'><strong>δέ</strong></span> <span class='ocrx_word' id='word_1_155' title='bbox 1319 2088 1355 2150; x_wconf 81' lang='grc' dir='ltr'><strong>με</strong></span> 
     </span>
     <span class='ocr_line' id='line_1_19' title="bbox 178 2171 1357 2261; baseline -0.003 -23"><span class='ocrx_word' id='word_1_156' title='bbox 178 2175 258 2248; x_wconf 76' lang='grc' dir='ltr'>δέξαι</span> <span class='ocrx_word' id='word_1_157' title='bbox 287 2178 346 2238; x_wconf 88' lang='lat' dir='ltr'><strong>vovt</strong></span> <span class='ocrx_word' id='word_1_158' title='bbox 375 2178 483 2257; x_wconf 68' lang='grc' dir='ltr'>λέγειν,</span> <span class='ocrx_word' id='word_1_159' title='bbox 515 2172 572 2261; x_wconf 72' lang='grc' dir='ltr'><strong>οὐχ</strong></span> <span class='ocrx_word' id='word_1_160' title='bbox 602 2172 646 2249; x_wconf 85' lang='grc' dir='ltr'><strong>οἷς</strong></span> <span class='ocrx_word' id='word_1_161' title='bbox 669 2176 954 2260; x_wconf 73' lang='grc' dir='ltr'>Ἀριστοφάνης</span> <span class='ocrx_word' id='word_1_162' title='bbox 985 2171 1005 2259; x_wconf 80' lang='grc' dir='ltr'>ἢ</span> <span class='ocrx_word' id='word_1_163' title='bbox 1036 2185 1108 2236; x_wconf 91' lang='grc' dir='ltr'><strong>τῶν</strong></span> <span class='ocrx_word' id='word_1_164' title='bbox 1137 2172 1263 2237; x_wconf 81' lang='grc' dir='ltr'>ἄλλων</span> <span class='ocrx_word' id='word_1_165' title='bbox 1302 2196 1357 2245; x_wconf 86' lang='grc' dir='ltr'><strong>τις</strong></span> 
     </span>
     <span class='ocr_line' id='line_1_20' title="bbox 179 2280 1353 2368; baseline -0.001 -24"><span class='ocrx_word' id='word_1_166' title='bbox 179 2293 369 2368; x_wconf 75' lang='grc' dir='ltr'>μετρικῶν</span> <span class='ocrx_word' id='word_1_167' title='bbox 393 2282 571 2368; x_wconf 79' lang='grc' dir='ltr'>διεκόσμησε</span> <span class='ocrx_word' id='word_1_168' title='bbox 603 2287 655 2355; x_wconf 80' lang='grc' dir='ltr'><strong>τὰς</strong></span> <span class='ocrx_word' id='word_1_169' title='bbox 685 2280 772 2365; x_wconf 63' lang='grc' dir='ltr'>ᾠδαῖς,</span> <span class='ocrx_word' id='word_1_170' title='bbox 825 2282 920 2360; x_wconf 80' lang='lat' dir='ltr'><strong>Quod</strong></span> <span class='ocrx_word' id='word_1_171' title='bbox 946 2284 1058 2348; x_wconf 86' lang='lat' dir='ltr'><strong>autem</strong></span> <span class='ocrx_word' id='word_1_172' title='bbox 1083 2283 1296 2346; x_wconf 86' lang='lat' dir='ltr'><strong>metricorum</strong></span> <span class='ocrx_word' id='word_1_173' title='bbox 1321 2283 1353 2344; x_wconf 88' lang='lat' dir='ltr'><strong>et</strong></span> 
     </span>
     <span class='ocr_line' id='line_1_21' title="bbox 179 2388 1353 2474; baseline -0.005 -19"><span class='ocrx_word' id='word_1_174' title='bbox 179 2390 441 2474; x_wconf 88' lang='lat' dir='ltr'><strong>rhythmicorum</strong></span> <span class='ocrx_word' id='word_1_175' title='bbox 466 2394 636 2456; x_wconf 86' lang='lat' dir='ltr'><strong>certamen</strong></span> <span class='ocrx_word' id='word_1_176' title='bbox 662 2391 771 2467; x_wconf 86' lang='lat' dir='ltr'><strong>tuerit,</strong></span> <span class='ocrx_word' id='word_1_177' title='bbox 797 2391 895 2454; x_wconf 89' lang='lat' dir='ltr'><strong>etiam</strong></span> <span class='ocrx_word' id='word_1_178' title='bbox 922 2389 1053 2472; x_wconf 76' lang='lat' dir='ltr'><strong>plenius</strong></span> <span class='ocrx_word' id='word_1_179' title='bbox 1077 2388 1353 2465; x_wconf 87' lang='lat' dir='ltr'><strong>disseritQuin-</strong></span> 
     </span>
     <span class='ocr_line' id='line_1_22' title="bbox 180 2497 1094 2579; baseline -0.003 -16"><span class='ocrx_word' id='word_1_180' title='bbox 180 2498 370 2563; x_wconf 87' lang='lat' dir='ltr'><strong>titianus</strong></span> <span class='ocrx_word' id='word_1_181' title='bbox 395 2498 467 2561; x_wconf 92' lang='lat' dir='ltr'><strong>loco</strong></span> <span class='ocrx_word' id='word_1_182' title='bbox 492 2519 512 2562; x_wconf 88' lang='lat' dir='ltr'><strong>a</strong></span> <span class='ocrx_word' id='word_1_183' title='bbox 537 2499 649 2563; x_wconf 91' lang='lat' dir='ltr'><strong>multis</strong></span> <span class='ocrx_word' id='word_1_184' title='bbox 673 2501 815 2563; x_wconf 80' lang='lat' dir='ltr'><strong>tractato</strong></span> <span class='ocrx_word' id='word_1_185' title='bbox 839 2497 882 2561; x_wconf 89' lang='lat' dir='ltr'><strong>IX</strong></span> <span class='ocrx_word' id='word_1_186' title='bbox 907 2499 938 2566; x_wconf 79' lang='lat'><strong>4.</strong></span> <span class='ocrx_word' id='word_1_187' title='bbox 955 2498 997 2560; x_wconf 69' lang='lat' dir='ltr'><strong>to</strong></span> <span class='ocrx_word' id='word_1_188' title='bbox 1022 2517 1094 2579; x_wconf 89' lang='lat' dir='ltr'><strong>sqq.</strong></span> 
     </span>
    </p>

    <p class='ocr_par' dir='ltr' id='par_1_4' title="bbox 180 2601 1356 4294">
     <span class='ocr_line' id='line_1_23' title="bbox 270 2601 1355 2687; baseline -0.003 -20"><span class='ocrx_word' id='word_1_189' title='bbox 270 2604 446 2687; x_wconf 83' lang='lat' dir='ltr'><strong>Dionysius</strong></span> <span class='ocrx_word' id='word_1_190' title='bbox 486 2605 547 2669; x_wconf 89' lang='lat' dir='ltr'><strong>etsi</strong></span> <span class='ocrx_word' id='word_1_191' title='bbox 588 2604 697 2668; x_wconf 90' lang='lat' dir='ltr'><strong>multis</strong></span> <span class='ocrx_word' id='word_1_192' title='bbox 737 2603 816 2668; x_wconf 88' lang='lat' dir='ltr'><strong>locis</strong></span> <span class='ocrx_word' id='word_1_193' title='bbox 852 2606 1054 2667; x_wconf 90' lang='lat' dir='ltr'><strong>musicorum</strong></span> <span class='ocrx_word' id='word_1_194' title='bbox 1083 2602 1241 2686; x_wconf 86' lang='lat' dir='ltr'><strong>imprimis</strong></span> <span class='ocrx_word' id='word_1_195' title='bbox 1281 2601 1355 2665; x_wconf 90' lang='lat' dir='ltr'><strong>Ari-</strong></span> 
     </span>
     <span class='ocr_line' id='line_1_24' title="bbox 180 2711 1354 2795; baseline -0.003 -20"><span class='ocrx_word' id='word_1_196' title='bbox 180 2714 415 2776; x_wconf 84' lang='lat' dir='ltr'><strong>stoxeneorum</strong></span> <span class='ocrx_word' id='word_1_197' title='bbox 454 2712 564 2776; x_wconf 89' lang='lat' dir='ltr'><strong>studia</strong></span> <span class='ocrx_word' id='word_1_198' title='bbox 603 2712 734 2775; x_wconf 89' lang='lat' dir='ltr'><strong>novisse</strong></span> <span class='ocrx_word' id='word_1_199' title='bbox 769 2714 802 2775; x_wconf 90' lang='lat' dir='ltr'><strong>et</strong></span> <span class='ocrx_word' id='word_1_200' title='bbox 837 2712 1010 2795; x_wconf 86' lang='lat' dir='ltr'><strong>amplexus</strong></span> <span class='ocrx_word' id='word_1_201' title='bbox 1042 2732 1115 2775; x_wconf 91' lang='lat' dir='ltr'><strong>esse</strong></span> <span class='ocrx_word' id='word_1_202' title='bbox 1151 2711 1248 2774; x_wconf 88' lang='lat' dir='ltr'><strong>facile</strong></span> <span class='ocrx_word' id='word_1_203' title='bbox 1279 2729 1354 2791; x_wconf 91' lang='lat' dir='ltr'><strong>per·</strong></span> 
     </span>
     <span class='ocr_line' id='line_1_25' title="bbox 180 2815 1355 2901; baseline -0.003 -20"><span class='ocrx_word' id='word_1_204' title='bbox 180 2816 358 2901; x_wconf 86' lang='lat' dir='ltr'><strong>spicitur*),</strong></span> <span class='ocrx_word' id='word_1_205' title='bbox 383 2818 496 2900; x_wconf 87' lang='lat' dir='ltr'><strong>tamen</strong></span> <span class='ocrx_word' id='word_1_206' title='bbox 520 2818 552 2881; x_wconf 92' lang='lat' dir='ltr'><strong>in</strong></span> <span class='ocrx_word' id='word_1_207' title='bbox 570 2839 606 2882; x_wconf 89' lang='lat' dir='ltr'><strong>re</strong></span> <span class='ocrx_word' id='word_1_208' title='bbox 623 2818 811 2901; x_wconf 86' lang='lat' dir='ltr'><strong>rhythmica</strong></span> <span class='ocrx_word' id='word_1_209' title='bbox 827 2818 931 2898; x_wconf 86' lang='lat' dir='ltr'><strong>magis</strong></span> <span class='ocrx_word' id='word_1_210' title='bbox 956 2819 998 2882; x_wconf 88' lang='lat' dir='ltr'><strong>ad</strong></span> <span class='ocrx_word' id='word_1_211' title='bbox 1024 2819 1235 2881; x_wconf 86' lang='lat' dir='ltr'><strong>metricorum</strong></span> <span class='ocrx_word' id='word_1_212' title='bbox 1257 2815 1355 2880; x_wconf 89' lang='lat' dir='ltr'><strong>disci·</strong></span> 
     </span>
     <span class='ocr_line' id='line_1_26' title="bbox 181 2924 1352 3008; baseline 0 -21"><span class='ocrx_word' id='word_1_213' title='bbox 181 2924 306 3008; x_wconf 84' lang='lat' dir='ltr'><strong>plinam</strong></span> <span class='ocrx_word' id='word_1_214' title='bbox 329 2925 465 2989; x_wconf 90' lang='lat' dir='ltr'><strong>inclinat</strong></span> <span class='ocrx_word' id='word_1_215' title='bbox 489 2925 644 3008; x_wconf 88' lang='lat' dir='ltr'><strong>idemque</strong></span> <span class='ocrx_word' id='word_1_216' title='bbox 669 2926 792 2989; x_wconf 86' lang='lat' dir='ltr'><strong>iudicat</strong></span> <span class='ocrx_word' id='word_1_217' title='bbox 816 2927 905 3008; x_wconf 92' lang='lat' dir='ltr'><strong>quod</strong></span> <span class='ocrx_word' id='word_1_218' title='bbox 935 2926 1159 3002; x_wconf 78' lang='lat' dir='ltr'><strong>Quintilianus</strong></span> <span class='ocrx_word' id='word_1_219' title='bbox 1183 2925 1227 2989; x_wconf 91' lang='lat' dir='ltr'><strong>lX</strong></span> <span class='ocrx_word' id='word_1_220' title='bbox 1252 2926 1282 3004; x_wconf 84' lang='lat'><strong>4,</strong></span> <span class='ocrx_word' id='word_1_221' title='bbox 1294 2926 1352 2988; x_wconf 81' lang='lat'><strong>52:</strong></span> 
     </span>
     <span class='ocr_line' id='line_1_27' title="bbox 181 3032 1353 3115; baseline 0 -20"><span class='ocrx_word' id='word_1_222' title='bbox 181 3032 227 3113; x_wconf 91' lang='lat' dir='ltr'><strong>,lo</strong></span> <span class='ocrx_word' id='word_1_223' title='bbox 253 3033 491 3115; x_wconf 86' lang='lat' dir='ltr'><strong>compositione</strong></span> <span class='ocrx_word' id='word_1_224' title='bbox 516 3034 675 3097; x_wconf 88' lang='lat' dir='ltr'><strong>orationis</strong></span> <span class='ocrx_word' id='word_1_225' title='bbox 700 3033 820 3097; x_wconf 86' lang='lat' dir='ltr'><strong>certior</strong></span> <span class='ocrx_word' id='word_1_226' title='bbox 851 3036 883 3097; x_wconf 89' lang='lat' dir='ltr'><strong>et</strong></span> <span class='ocrx_word' id='word_1_227' title='bbox 915 3034 1017 3114; x_wconf 81' lang='lat' dir='ltr'><strong>magis</strong></span> <span class='ocrx_word' id='word_1_228' title='bbox 1051 3034 1206 3096; x_wconf 88' lang='lat' dir='ltr'><strong>omnibus</strong></span> <span class='ocrx_word' id='word_1_229' title='bbox 1237 3033 1353 3115; x_wconf 87' lang='lat' dir='ltr'><strong>aperta</strong></span> 
     </span>
     <span class='ocr_line' id='line_1_28' title="bbox 181 3137 1354 3223; baseline 0 -22"><span class='ocrx_word' id='word_1_230' title='bbox 181 3138 307 3203; x_wconf 91' lang='lat' dir='ltr'><strong>servari</strong></span> <span class='ocrx_word' id='word_1_231' title='bbox 331 3139 431 3203; x_wconf 87' lang='lat' dir='ltr'><strong>debet</strong></span> <span class='ocrx_word' id='word_1_232' title='bbox 456 3140 636 3214; x_wconf 84' lang='lat' dir='ltr'><strong>dimensio3</strong></span> <span class='ocrx_word' id='word_1_233' title='bbox 662 3145 712 3204; x_wconf 84' lang='lat' dir='ltr'><strong>cst</strong></span> <span class='ocrx_word' id='word_1_234' title='bbox 736 3141 835 3220; x_wconf 72' lang='lat' dir='ltr'><strong>igilur</strong></span> <span class='ocrx_word' id='word_1_235' title='bbox 859 3140 892 3203; x_wconf 92' lang='lat' dir='ltr'><strong>in</strong></span> <span class='ocrx_word' id='word_1_236' title='bbox 909 3140 1070 3223; x_wconf 86' lang='lat' dir='ltr'><strong>pedibus‘.</strong></span> <span class='ocrx_word' id='word_1_237' title='bbox 1100 3137 1217 3222; x_wconf 90' lang='lat' dir='ltr'><strong>Neque</strong></span> <span class='ocrx_word' id='word_1_238' title='bbox 1242 3140 1354 3203; x_wconf 83' lang='lat' dir='ltr'><strong>obstat</strong></span> 
     </span>
     <span class='ocr_line' id='line_1_29' title="bbox 181 3245 1354 3331; baseline -0.002 -23"><span class='ocrx_word' id='word_1_239' title='bbox 181 3245 258 3309; x_wconf 89' lang='lat' dir='ltr'><strong>huic</strong></span> <span class='ocrx_word' id='word_1_240' title='bbox 281 3246 480 3324; x_wconf 84' lang='lat' dir='ltr'><strong>sententiae,</strong></span> <span class='ocrx_word' id='word_1_241' title='bbox 506 3247 594 3329; x_wconf 87' lang='lat' dir='ltr'><strong>quod</strong></span> <span class='ocrx_word' id='word_1_242' title='bbox 619 3267 721 3331; x_wconf 87' lang='lat' dir='ltr'><strong>supra</strong></span> <span class='ocrx_word' id='word_1_243' title='bbox 755 3248 797 3310; x_wconf 86' lang='lat' dir='ltr'><strong>de</strong></span> <span class='ocrx_word' id='word_1_244' title='bbox 822 3247 1025 3330; x_wconf 81' lang='lat' dir='ltr'><strong>syllabarum</strong></span> <span class='ocrx_word' id='word_1_245' title='bbox 1051 3248 1147 3310; x_wconf 76' lang='lat' dir='ltr'><strong>morlo</strong></span> <span class='ocrx_word' id='word_1_246' title='bbox 1179 3247 1354 3328; x_wconf 86' lang='lat' dir='ltr'><strong>disputans</strong></span> 
     </span>
     <span class='ocr_line' id='line_1_30' title="bbox 180 3353 1354 3436; baseline 0 -21"><span class='ocrx_word' id='word_1_247' title='bbox 180 3372 243 3416; x_wconf 91' lang='lat' dir='ltr'><strong>nec</strong></span> <span class='ocrx_word' id='word_1_248' title='bbox 268 3353 442 3434; x_wconf 82' lang='lat' dir='ltr'><strong>longarum</strong></span> <span class='ocrx_word' id='word_1_249' title='bbox 459 3373 521 3418; x_wconf 89' lang='lat' dir='ltr'><strong>nec</strong></span> <span class='ocrx_word' id='word_1_250' title='bbox 545 3354 693 3418; x_wconf 88' lang='lat' dir='ltr'><strong>brevium</strong></span> <span class='ocrx_word' id='word_1_251' title='bbox 712 3355 860 3418; x_wconf 81' lang='lat' dir='ltr'><strong>omnimo</strong></span> <span class='ocrx_word' id='word_1_252' title='bbox 878 3355 1019 3418; x_wconf 88' lang='lat' dir='ltr'><strong>eandem</strong></span> <span class='ocrx_word' id='word_1_253' title='bbox 1042 3354 1263 3436; x_wconf 77' lang='lat' dir='ltr'><strong>quarnitatem</strong></span> <span class='ocrx_word' id='word_1_254' title='bbox 1280 3372 1354 3417; x_wconf 88' lang='lat' dir='ltr'><strong>esse</strong></span> 
     </span>
     <span class='ocr_line' id='line_1_31' title="bbox 180 3458 1354 3544; baseline 0 -22"><span class='ocrx_word' id='word_1_255' title='bbox 180 3458 272 3533; x_wconf 82' lang='lat' dir='ltr'><strong>dixit,</strong></span> <span class='ocrx_word' id='word_1_256' title='bbox 297 3460 386 3543; x_wconf 92' lang='lat' dir='ltr'><strong>quod</strong></span> <span class='ocrx_word' id='word_1_257' title='bbox 411 3461 546 3544; x_wconf 91' lang='lat' dir='ltr'><strong>propius</strong></span> <span class='ocrx_word' id='word_1_258' title='bbox 571 3462 613 3526; x_wconf 88' lang='lat' dir='ltr'><strong>ad</strong></span> <span class='ocrx_word' id='word_1_259' title='bbox 636 3461 825 3525; x_wconf 84' lang='lat' dir='ltr'><strong>Aristoxeni</strong></span> <span class='ocrx_word' id='word_1_260' title='bbox 850 3482 889 3525; x_wconf 87' lang='lat' dir='ltr'><strong>ex</strong></span> <span class='ocrx_word' id='word_1_261' title='bbox 915 3461 1072 3543; x_wconf 86' lang='lat' dir='ltr'><strong>temporis</strong></span> <span class='ocrx_word' id='word_1_262' title='bbox 1097 3462 1227 3524; x_wconf 88' lang='lat' dir='ltr'><strong>ratione</strong></span> <span class='ocrx_word' id='word_1_263' title='bbox 1251 3460 1354 3544; x_wconf 89' lang='lat' dir='ltr'><strong>pedes</strong></span> 
     </span>
     <span class='ocr_line' id='line_1_32' title="bbox 181 3566 1354 3651; baseline 0 -22"><span class='ocrx_word' id='word_1_264' title='bbox 181 3566 337 3631; x_wconf 89' lang='lat' dir='ltr'><strong>metiendi</strong></span> <span class='ocrx_word' id='word_1_265' title='bbox 362 3568 548 3632; x_wconf 88' lang='lat' dir='ltr'><strong>doctrinam</strong></span> <span class='ocrx_word' id='word_1_266' title='bbox 572 3569 709 3646; x_wconf 84' lang='lat' dir='ltr'><strong>accedit,</strong></span> <span class='ocrx_word' id='word_1_267' title='bbox 743 3589 852 3650; x_wconf 79' lang='lat' dir='ltr'><strong>neque</strong></span> <span class='ocrx_word' id='word_1_268' title='bbox 878 3569 966 3651; x_wconf 90' lang='lat' dir='ltr'><strong>quod</strong></span> <span class='ocrx_word' id='word_1_269' title='bbox 998 3569 1039 3631; x_wconf 91' lang='lat' dir='ltr'><strong>de</strong></span> <span class='ocrx_word' id='word_1_270' title='bbox 1065 3568 1234 3631; x_wconf 87' lang='lat' dir='ltr'><strong>llenrosth.</strong></span> <span class='ocrx_word' id='word_1_271' title='bbox 1260 3587 1286 3631; x_wconf 92' lang='lat' dir='ltr'><strong>c.</strong></span> <span class='ocrx_word' id='word_1_272' title='bbox 1313 3567 1354 3630; x_wconf 75' lang='grc'><strong>18</strong></span> 
     </span>
     <span class='ocr_line' id='line_1_33' title="bbox 181 3670 1355 3760; baseline -0.001 -23"><span class='ocrx_word' id='word_1_273' title='bbox 181 3694 212 3756; x_wconf 93' lang='lat' dir='ltr'><strong>p.</strong></span> <span class='ocrx_word' id='word_1_274' title='bbox 241 3674 320 3737; x_wconf 84' lang='grc'><strong>1101</strong></span> <span class='ocrx_word' id='word_1_275' title='bbox 348 3673 387 3738; x_wconf 89' lang='lat' dir='ltr'><strong>R.</strong></span> <span class='ocrx_word' id='word_1_276' title='bbox 413 3695 473 3756; x_wconf 87' lang='lat' dir='ltr'><strong>pro</strong></span> <span class='ocrx_word' id='word_1_277' title='bbox 496 3670 603 3758; x_wconf 66' lang='grc' dir='ltr'>[ἰσθμῷ</span> <span class='ocrx_word' id='word_1_278' title='bbox 620 3676 731 3759; x_wconf 86' lang='lat' dir='ltr'><strong>posuit</strong></span> <span class='ocrx_word' id='word_1_279' title='bbox 747 3672 862 3760; x_wconf 82' lang='grc' dir='ltr'>χρόνον.</span> <span class='ocrx_word' id='word_1_280' title='bbox 897 3678 1020 3758; x_wconf 88' lang='lat' dir='ltr'><strong>Aperte</strong></span> <span class='ocrx_word' id='word_1_281' title='bbox 1045 3675 1133 3739; x_wconf 90' lang='lat' dir='ltr'><strong>enim</strong></span> <span class='ocrx_word' id='word_1_282' title='bbox 1157 3676 1192 3739; x_wconf 92' lang='lat' dir='ltr'><strong>in</strong></span> <span class='ocrx_word' id='word_1_283' title='bbox 1216 3673 1355 3754; x_wconf 79' lang='lat' dir='ltr'><strong>singulis</strong></span> 
     </span>
     <span class='ocr_line' id='line_1_34' title="bbox 181 3779 1352 3866; baseline 0.001 -23"><span class='ocrx_word' id='word_1_284' title='bbox 181 3779 322 3863; x_wconf 88' lang='lat' dir='ltr'><strong>pedibus</strong></span> <span class='ocrx_word' id='word_1_285' title='bbox 347 3782 584 3846; x_wconf 84' lang='lat' dir='ltr'><strong>enumerandis</strong></span> <span class='ocrx_word' id='word_1_286' title='bbox 616 3787 649 3846; x_wconf 91' lang='lat' dir='ltr'><strong>el.</strong></span> <span class='ocrx_word' id='word_1_287' title='bbox 673 3783 706 3845; x_wconf 94' lang='lat' dir='ltr'><strong>iu</strong></span> <span class='ocrx_word' id='word_1_288' title='bbox 731 3783 889 3865; x_wconf 84' lang='lat' dir='ltr'><strong>exemplis</strong></span> <span class='ocrx_word' id='word_1_289' title='bbox 924 3784 967 3847; x_wconf 86' lang='lat' dir='ltr'><strong>ad</strong></span> <span class='ocrx_word' id='word_1_290' title='bbox 998 3784 1230 3866; x_wconf 79' lang='lat' dir='ltr'><strong>rhythmorum</strong></span> <span class='ocrx_word' id='word_1_291' title='bbox 1262 3781 1352 3863; x_wconf 77' lang='lat' dir='ltr'><strong>leges</strong></span> 
     </span>
     <span class='ocr_line' id='line_1_35' title="bbox 182 3888 1354 3971; baseline 0.002 -22"><span class='ocrx_word' id='word_1_292' title='bbox 182 3889 397 3951; x_wconf 87' lang='lat' dir='ltr'><strong>recensendis</strong></span> <span class='ocrx_word' id='word_1_293' title='bbox 429 3888 581 3971; x_wconf 76' lang='lat' dir='ltr'><strong>syllabiS,</strong></span> <span class='ocrx_word' id='word_1_294' title='bbox 617 3909 684 3952; x_wconf 92' lang='lat' dir='ltr'><strong>non</strong></span> <span class='ocrx_word' id='word_1_295' title='bbox 715 3890 897 3954; x_wconf 84' lang='lat' dir='ltr'><strong>intervallis</strong></span> <span class='ocrx_word' id='word_1_296' title='bbox 931 3890 1066 3954; x_wconf 86' lang='lat' dir='ltr'><strong>metitur</strong></span> <span class='ocrx_word' id='word_1_297' title='bbox 1097 3891 1151 3967; x_wconf 87' lang='lat' dir='ltr'><strong>(de</strong></span> <span class='ocrx_word' id='word_1_298' title='bbox 1184 3910 1290 3971; x_wconf 90' lang='lat' dir='ltr'><strong>comp.</strong></span> <span class='ocrx_word' id='word_1_299' title='bbox 1322 3909 1354 3970; x_wconf 89' lang='lat' dir='ltr'><strong>p.</strong></span> 
     </span>
     <span class='ocr_line' id='line_1_36' title="bbox 183 3993 1356 4079; baseline 0.002 -22"><span class='ocrx_word' id='word_1_300' title='bbox 183 3993 258 4061; x_wconf 82' lang='lat'><strong>234,</strong></span> <span class='ocrx_word' id='word_1_301' title='bbox 283 4014 314 4077; x_wconf 86' lang='lat' dir='ltr'><strong>p.</strong></span> <span class='ocrx_word' id='word_1_302' title='bbox 333 3996 396 4059; x_wconf 78' lang='lat'>‘238</span> <span class='ocrx_word' id='word_1_303' title='bbox 422 3998 507 4072; x_wconf 80' lang='lat' dir='ltr'><strong>eta),</strong></span> <span class='ocrx_word' id='word_1_304' title='bbox 537 4017 611 4060; x_wconf 93' lang='lat' dir='ltr'><strong>cum</strong></span> <span class='ocrx_word' id='word_1_305' title='bbox 636 3996 793 4079; x_wconf 87' lang='lat' dir='ltr'><strong>Dionysio</strong></span> <span class='ocrx_word' id='word_1_306' title='bbox 817 3995 949 4061; x_wconf 86' lang='lat' dir='ltr'><strong>Thrace</strong></span> <span class='ocrx_word' id='word_1_307' title='bbox 981 3998 1197 4077; x_wconf 80' lang='lat' dir='ltr'><strong>granmiulico</strong></span> <span class='ocrx_word' id='word_1_308' title='bbox 1228 3997 1261 4060; x_wconf 91' lang='lat' dir='ltr'><strong>in</strong></span> <span class='ocrx_word' id='word_1_309' title='bbox 1297 4017 1356 4079; x_wconf 88' lang='lat' dir='ltr'><strong>pe·</strong></span> 
     </span>
     <span class='ocr_line' id='line_1_37' title="bbox 182 4098 1355 4187; baseline 0.001 -24"><span class='ocrx_word' id='word_1_310' title='bbox 182 4098 280 4178; x_wconf 83' lang='lat' dir='ltr'><strong>dibus</strong></span> <span class='ocrx_word' id='word_1_311' title='bbox 305 4103 502 4166; x_wconf 84' lang='lat' dir='ltr'><strong>enarrandis</strong></span> <span class='ocrx_word' id='word_1_312' title='bbox 527 4103 703 4179; x_wconf 90' lang='lat' dir='ltr'><strong>consentit,</strong></span> <span class='ocrx_word' id='word_1_313' title='bbox 728 4101 895 4185; x_wconf 76' lang='lat' dir='ltr'><strong>simplices</strong></span> <span class='ocrx_word' id='word_1_314' title='bbox 921 4103 1023 4185; x_wconf 89' lang='lat' dir='ltr'><strong>pedes</strong></span> <span class='ocrx_word' id='word_1_315' title='bbox 1057 4106 1189 4187; x_wconf 87' lang='lat' dir='ltr'><strong>praeter</strong></span> <span class='ocrx_word' id='word_1_316' title='bbox 1212 4105 1355 4168; x_wconf 87' lang='lat' dir='ltr'><strong>duarum</strong></span> 
     </span>
     <span class='ocr_line' id='line_1_38' title="bbox 184 4206 1356 4294; baseline 0.003 -24"><span class='ocrx_word' id='word_1_317' title='bbox 184 4209 217 4270; x_wconf 91' lang='lat' dir='ltr'><strong>et</strong></span> <span class='ocrx_word' id='word_1_318' title='bbox 241 4206 340 4270; x_wconf 92' lang='lat' dir='ltr'><strong>trium</strong></span> <span class='ocrx_word' id='word_1_319' title='bbox 364 4208 568 4290; x_wconf 86' lang='lat' dir='ltr'><strong>syllabarum</strong></span> <span class='ocrx_word' id='word_1_320' title='bbox 593 4228 658 4271; x_wconf 92' lang='lat' dir='ltr'><strong>non</strong></span> <span class='ocrx_word' id='word_1_321' title='bbox 685 4209 846 4289; x_wconf 84' lang='lat' dir='ltr'><strong>agnoscit,</strong></span> <span class='ocrx_word' id='word_1_322' title='bbox 870 4209 1006 4274; x_wconf 87' lang='lat' dir='ltr'><strong>nomina</strong></span> <span class='ocrx_word' id='word_1_323' title='bbox 1039 4231 1058 4274; x_wconf 88' lang='lat' dir='ltr'><strong>a</strong></span> <span class='ocrx_word' id='word_1_324' title='bbox 1083 4211 1276 4275; x_wconf 86' lang='lat' dir='ltr'><strong>metricis</strong></span> <span class='ocrx_word' id='word_1_325' title='bbox 1301 4229 1356 4294; x_wconf 92' lang='lat' dir='ltr'><strong>po·</strong></span> 
     </span>
    </p>
   </div>
   <div class='ocr_carea' id='block_1_3' title="bbox 184 4305 396 4312">
    <p class='ocr_par' dir='ltr' id='par_1_5' title="bbox 184 4305 396 4312">
     <span class='ocr_line' id='line_1_39' title="bbox 184 4305 396 4312; baseline 0 0"><span class='ocrx_word' id='word_1_326' title='bbox 184 4305 238 4312; x_wconf 81' lang='grc'>...-...</span> <span class='ocrx_word' id='word_1_327' title='bbox 243 4307 249 4310; x_wconf 95' lang='grc'>-</span> <span class='ocrx_word' id='word_1_328' title='bbox 255 4305 396 4312; x_wconf 42' lang='grc' dir='ltr'><strong>..ἢ-α.-</strong></span> 
     </span>
    </p>
   </div>
   <div class='ocr_carea' id='block_1_4' title="bbox 275 4328 454 4402">
    <p class='ocr_par' dir='ltr' id='par_1_6' title="bbox 275 4328 454 4402">
     <span class='ocr_line' id='line_1_40' title="bbox 275 4328 454 4402; baseline 0 -18"><span class='ocrx_word' id='word_1_329' title='bbox 275 4328 454 4402; x_wconf 52' lang='grc' dir='ltr'><strong>Ἲκρῶ</strong></span> 
     </span>
    </p>
   </div>
   <div class='ocr_carea' id='block_1_5' title="bbox 0 0 1561 4809">
    <p class='ocr_par' dir='ltr' id='par_1_7' title="bbox 0 0 1561 4809">
     <span class='ocr_line' id='line_1_41' title="bbox 0 0 1561 4809; baseline 0 0"><span class='ocrx_word' id='word_1_330' title='bbox 0 0 1561 4809; x_wconf 95' lang='lat' dir='ltr'><strong> </strong></span> 
     </span>
    </p>
   </div>
  </div>
 </body>
</html>
