3100 4809
616 160 924 255 '-1or-

305 369 545 447 Quaerendum
570 367 636 431 iam
661 368 702 430 de
723 366 867 449 Dionysii
891 368 1093 432 auctoribus
1130 370 1200 429 Non
1225 387 1309 451 opus
1327 367 1387 447 esl,

215 478 243 540 si
277 478 338 560 ipsi
371 476 556 549 credimus3
592 494 670 537 nam
703 475 757 554 qui
794 476 894 538 antea
917 475 957 538 de
982 473 1149 538 Dinarcho
1179 474 1388 557 scripsissent

212 604 323 666 neque
339 582 507 664 diligentia
523 601 632 664 neque
648 581 830 645 subtilitate
847 601 914 663 qua
931 581 1077 664 oportuit
1100 601 1170 644 rem
1187 579 1295 661 egisse
1313 581 1388 645 dicit

211 711 238 756 c.
264 693 279 756 1
307 713 338 773 p.
356 692 438 755 630:
463 683 787 772 &praeoperatur
814 687 933 769 ἀκριβὲς
955 683 1020 749 οὔτε
1046 684 1288 771 Καλλίμαχον
1323 683 1388 749 οὔτε

213 800 294 869 τοὺς
317 793 356 859 ἐκ
380 793 575 880 Περγάμου
598 797 871 878 γραμματικοὺς
901 797 965 877 περὶ
989 790 1077 856 αὐτοῦ
1100 797 1278 877 γράψαντας,
1308 791 1389 856 ἀλλὰ

212 912 294 988 παρὰ
318 907 349 966 τὸ
366 902 457 988 μηδὲν
473 899 604 972 ἐξετάσαι
620 904 687 984 περὶ
702 897 789 965 αυτοῦ
805 912 860 963 τῶν
877 899 1091 985 ἀκριβεστέρων
1107 897 1328 986 ἡμαρτηκότας,
1348 896 1389 971 ὡς

214 1016 255 1097 μὴ
285 1006 372 1095 μόνον
403 1006 547 1094 ἐψεῦσθαι
576 1008 683 1086 πολλά,
714 1006 795 1071 ἀλλὰ
827 1011 878 1070 καί
908 1009 1014 1088 λόγους
1037 1010 1104 1079 τοὺς
1127 1003 1209 1070 οὐδὲν
1233 1010 1286 1092 μὲν
1309 1003 1387 1089 αυτῷ

214 1121 419 1202 προσήκοντας
449 1113 490 1187 ὡς
521 1113 685 1200 Δεινάρχου
716 1118 808 1198 ruben
831 1116 1063 1200 προστίθεσθαι·
1087 1116 1155 1187 τοὺς
1177 1114 1203 1175 δ’
1228 1109 1275 1177 ὑπ’
1299 1109 1389 1176 αὐτοῦ

213 1228 378 1311 γραφέντας
408 1221 512 1307 ἑτέρων
543 1219 613 1284 εἶναι
642 1224 743 1303 λέγειν.
791 1224 903 1308 Carpit
935 1224 1174 1288 Callimachum
1207 1225 1241 1286 et
1263 1222 1389 1302 Perga·

215 1352 331 1397 menos
355 1331 602 1412 grammaticos
626 1331 681 1413 qui
706 1334 752 1410 ,ut
776 1351 817 1395 ex
838 1332 940 1414 ipsius
957 1329 1261 1395 Halicarnassensis
1277 1326 1387 1392 verbis

216 1442 368 1522 apparet‘
404 1459 472 1503 non
508 1438 615 1501 nudos
649 1438 760 1501 titulos
797 1439 1003 1502 orationibus
1035 1437 1293 1520 inscripserunt,
1329 1435 1388 1498 sed

214 1547 316 1611 etiam
354 1547 395 1610 de
431 1547 502 1610 aliis
538 1545 649 1622 rebus
685 1545 725 1608 de
761 1546 826 1607 vila
864 1547 945 1628 puta
977 1547 1008 1609 et
1034 1546 1074 1608 de
1100 1563 1222 1626 genere
1246 1540 1386 1619 dicendi,

214 1653 386 1737 imprimis,
425 1673 512 1736 quae
546 1651 722 1732 genuinae,
757 1672 843 1733 quae
868 1653 1056 1716 subditivae
1081 1651 1195 1716 essent
1219 1649 1386 1714 orationes

214 1761 478 1842 disputaverant.

300 1868 410 1947 Atque
426 1868 568 1949 primum
586 1870 719 1951 quidem
737 1888 845 1952 pauca
862 1867 901 1932 de
914 1867 1181 1947 Callimacho,
1199 1865 1381 1931 clarissimo

214 1973 431 2037 bibliothecae
473 1974 720 2040 Alexandrinae
759 1976 919 2059 praeside.
966 1975 1064 2058 Apud
1104 1975 1298 2057 Dionysium
1336 1971 1386 2035 bis

213 2081 348 2161 praeter
372 2079 479 2143 locum
505 2081 643 2145 allatum
667 2083 834 2162 laudatur,
860 2083 901 2145 de
926 2083 1009 2146 [sae.
1035 2081 1101 2145 iud.
1120 2084 1183 2146 ch
1207 2102 1239 2163 p.
1255 2078 1319 2144 594
1336 2078 1385 2143 R:

213 2192 311 2248 τοῦτον
340 2182 491 2272 ἐπιγράφει
522 2190 569 2249 τὀν
600 2185 687 2268 λόγον
719 2185 924 2273 Καλλίμαχος
954 2191 1023 2270 περί
1045 2185 1206 2271 Φερενίκου
1240 2183 1312 2269 ὑπὲρ
1336 2193 1386 2248 τοῦ

211 2286 436 2375 Ἀνδροκλείδου
468 2295 583 2380 κλήρου
616 2299 659 2377 (ν.
684 2314 772 2377 quae
800 2295 939 2359 adnotat
963 2295 1116 2377 Reiskc);
1150 2295 1190 2359 de
1215 2293 1385 2386 Demoslh.

212 2418 238 2466 e.
266 2402 306 2465 13
330 2422 361 2484 p.
379 2404 444 2465 994
468 2402 514 2465 R:
546 2398 561 2464 ὁ
585 2401 617 2463 δὲ
640 2404 706 2485 περὶ
730 2405 782 2488 τὴν
809 2399 961 2488 ἐπιστολὴν
984 2406 1036 2465 καὶ
1059 2404 1127 2474 τοὺς
1155 2403 1290 2485 πρέσβεις
1320 2401 1386 2471 τοὺς

128 2577 135 2592 ἱ
211 2510 292 2589 παρὰ
315 2504 465 2570 Φιλίππου
488 2505 592 2594 ῥηθείς
616 2506 712 2590 λόγος,
738 2509 769 2572 ὃν
794 2507 946 2597 ἐπιγράφει
969 2506 1173 2595 Καλλίμαχος
1200 2505 1272 2593 υπὲρ
1296 2504 1385 2571 ‘Alo-

209 2618 300 2699 νήσου
323 2616 376 2697 (cf.
401 2637 528 2697 argum.
554 2619 652 2681 huius
677 2620 759 2683 orat.
786 2640 839 2701 ap.
867 2618 1112 2704 Balla-Sauppe
1138 2641 1168 2702 p.
1187 2620 1274 2700 526).

298 2723 411 2787 Nudas
428 2725 480 2788 his
504 2725 583 2789 loeis
601 2726 696 2789 affert
720 2725 951 2809 inscriptiones
968 2726 1170 2807 Callimachi,
1194 2726 1236 2789 de
1260 2724 1328 2788 vita
1345 2725 1378 2787 et

212 2829 397 2894 elocutione
421 2831 512 2895 nihil.
530 2831 739 2915 Quamquam
764 2833 797 2895 in
816 2832 990 2915 Cyrenaici
1015 2833 1134 2897 tabulis
1153 2833 1235 2896 alias
1252 2850 1385 2914 quoque

211 2954 264 2999 res
289 2939 493 3022 perscriptas
518 2939 620 3003 fuisse
654 2940 774 3003 docent
808 2961 882 3004 cum
909 2941 964 3004 alii
993 2942 1061 3005 tum
1088 2940 1252 3022 Diogenes
1276 2939 1384 3003 Laert.

211 3043 282 3107 Vlll
306 3045 365 3109 86:
397 3040 551 3126 (Εὔδοξος)
581 3050 617 3108 τά
649 3050 700 3131 μίν
732 3050 916 3130 γεωμετρικά
946 3043 1080 3133 ’Aegea
1110 3043 1264 3133 διήκουσε·
1293 3044 1385 3108 τὰδὲ

208 3145 326 3232 ἰατρικὰ
350 3147 540 3223 Φιλιστίωνος
564 3162 614 3216 του
636 3151 821 3230 Σικελιώτου,
845 3155 931 3217 καθά.
956 3152 1159 3241 Καλλίμαχος
1187 3151 1217 3216 ἐν
1248 3163 1309 3225 τοῖς
1336 3149 1384 3215 πί-

208 3252 270 3327 mei
282 3278 378 3344 φησιν.
401 3259 446 3323 Id.
461 3260 505 3323 lx
519 3263 576 3324 23:
595 3254 799 3343 Καλλίμαχος
815 3260 847 3321 δέ
860 3282 946 3346 φησιν
962 3264 1004 3346 μὴ
1021 3257 1092 3324 εἶναι
1108 3257 1196 3323 alnoo
1212 3263 1245 3323 τὸ
1260 3262 1382 3345 ποίημα.

208 3362 364 3429 Canonas
397 3367 558 3451 (πίνακας),
595 3368 651 3430 ubi
682 3355 872 3432 oratoribus
905 3389 1038 3451 quoque
1072 3370 1156 3433 scitu
1188 3367 1383 3450 dignissima

209 3470 376 3555 adscripta
412 3473 514 3537 fuisse
545 3476 643 3556 puto,
675 3475 700 3537 si
733 3476 902 3558 exceperis
936 3477 1024 3557 ,alibi
1048 3476 1089 3541 de
1114 3479 1284 3541 oratorum
1308 3475 1383 3539 vitis

208 3580 242 3641 et
274 3581 430 3662 operibus
461 3581 702 3645 Callimachum
734 3581 813 3644 nihil
838 3583 1024 3647 tradidisse'
1058 3584 1302 3649 adsentientem
1331 3601 1383 3646 me

208 3683 310 3750 habet
335 3686 480 3751 Brzoska
504 3709 535 3770 p.
552 3690 582 3752 9.
623 3688 718 3752 Certe
736 3688 909 3767 Caecilius,
935 3690 1079 3774 Dionysii
1102 3690 1284 3769 familiaris
1308 3688 1383 3753 Cal·

209 3790 389 3856 limachum
415 3814 455 3857 ex
478 3794 666 3860 criticorum
691 3816 832 3861 numero
856 3799 997 3862 removit
1020 3820 1072 3883 ap.
1093 3798 1190 3863 Phot.
1215 3797 1292 3862 bibl.
1310 3797 1382 3861 cod.

208 3901 272 3964 265
296 3922 329 3983 p.
348 3903 408 3965 491
437 3903 457 3964 b
483 3905 520 3966 31
552 3897 622 3971 ,ουδ’
647 3896 745 3965 ἱκανὸν
769 3900 839 3966 ὄντα
861 3910 986 3988 κρίνειν.

297 4007 375 4071 Plus
401 4028 503 4091 quam
528 4005 745 4074 Alexandrini
770 4012 984 4077 contulerunt
1015 4013 1113 4077 studii
1145 4016 1178 4079 et
1201 4033 1324 4096 operae
1348 4013 1381 4076 in

207 4116 357 4178 oratores
391 4119 654 4196 grammatici
695 4117 962 4198 Pergameni.
1025 4120 1219 4203 Dionysius,
1252 4123 1289 4186 ut
1327 4121 1382 4203 qui

208 4221 306 4284 etiam
332 4221 470 4286 aliorum
495 4243 633 4287 severus
665 4244 784 4288 censor
809 4226 918 4302 fuerit,
943 4246 1000 4291 eos
1025 4247 1095 4292 rem
1129 4230 1285 4292 accurate
1310 4229 1381 4292 dili·

207 4328 389 4410 genterque
415 4329 575 4394 tractasse
601 4332 711 4411 negat.
760 4331 825 4398 Sed
857 4353 914 4406 eos
938 4335 1073 4425 praeter
1096 4336 1226 4399 ceteros
1250 4335 1379 4404 criticos
