3100 4809
684 211 925 274 -105-

219 388 253 451 te
264 387 647 476 eraniinasse,luletiam
659 407 756 469 quem
767 387 909 469 quisque
919 384 1108 463 audivisset,
1121 383 1185 446 hac
1194 381 1391 464 quaestione

223 493 455 558 diiudicarent.

308 600 531 665 Ciceronis
563 602 754 677 testimonia
786 603 920 684 praeter
961 600 1052 663 locos
1083 618 1167 682 quos
1206 618 1311 680 supra
1349 596 1391 660 de

221 708 447 772 Demosthene
473 708 568 772 attuli
588 712 669 772 sunt
694 709 796 790 haec:
820 707 872 770 de,
887 708 954 789 opt.
979 725 1053 787 gen.
1085 706 1134 768 or.'
1158 703 1176 785 ᾗ
1202 706 1264 769 14;
1297 704 1392 782 ,Con-

218 815 303 879 verti
341 816 429 879 enim
473 835 514 879 ex
551 815 667 880 Atticis
705 816 883 879 duorum
922 813 1391 896 eloquentissimorum

218 922 440 987 nobilissimas
471 922 639 986 orationes
671 922 757 985 inter
788 941 892 1002 seque
922 920 1129 999 contrariae,
1163 917 1321 983 Aeschini
1358 919 1391 981 et

219 1028 445 1105 Demostheni.
470 1028 487 1111 ἓ
507 1031 566 1096 17:
592 1028 630 1106 ,A
655 1048 708 1092 me
725 1015 839 1093 aulem
856 1033 946 1107 [cum
963 1047 1072 1110 neque
1089 1026 1301 1109 Thucydides
1335 1045 1391 1089 ne·

219 1155 284 1218 que
314 1135 421 1214 Plato,
453 1156 495 1200 ne
523 1136 687 1201 Isocrates
720 1135 853 1219 quidem
886 1135 928 1200 ad
958 1127 1109 1199 forenses
1141 1151 1260 1198 causas
1292 1132 1391 1216 aptus

219 1241 287 1326 sit]‚
304 1243 340 1307 ut
357 1261 432 1307 cum
448 1243 599 1308 maximis
615 1242 760 1335 minima
770 1242 953 1324 conferam,
978 1241 1201 1323 gladiatorum
1224 1259 1301 1323 par
1325 1260 1391 1304 no-

219 1349 483 1413 bilissimum
501 1350 676 1432 inducitur,
696 1349 886 1431 Aeschines,
905 1351 1077 1431 tamquam
1101 1347 1158 1412 Ae
1171 1347 1390 1429 Serninus,

219 1457 255 1520 ut
279 1457 325 1521 ait
348 1457 504 1534 Lucilius,
528 1478 611 1522 non
643 1479 826 1542 spurcus
851 1458 987 1537 homo,
1017 1457 1076 1521 sed
1105 1477 1182 1521 acer
1206 1457 1239 1520 et
1262 1455 1391 1533 doctus,

220 1583 308 1627 cum
344 1564 606 1629 Pacideiano
638 1565 703 1630 bic
735 1565 1045 1648 componitur.
1077 1616 1084 1628 .
1121 1613 1129 1628 .
1162 1613 1170 1630 .
1204 1562 1390 1645 optimu‘

219 1672 346 1750 longe
380 1675 483 1754 post
512 1672 708 1763 homines
740 1675 890 1737 natos‘
936 1672 1023 1735 uiuit
1057 1672 1143 1735 onim
1176 1671 1228 1734 illo
1260 1670 1391 1733 oratore

219 1779 360 1844 arbitror
384 1779 519 1859 cogitari
543 1797 642 1863 posse
663 1780 827 1843 divinius}
860 1780 962 1860 §222
989 1778 1084 1857 ‚Quid
1117 1778 1205 1842 enim
1235 1778 1305 1841 tam
1332 1776 1392 1839 aut

221 1886 396 1949 visendum
421 1888 478 1950 aut
502 1886 709 1950 audiendum
731 1887 791 1950 fuit
815 1889 917 1969 quam
934 1906 1140 1951 summorum
1164 1887 1334 1948 oratorum
1359 1884 1391 1946 in

219 1991 414 2072 gravissima
439 2012 542 2056 causa
567 1995 726 2057 accurata
750 1995 783 2057 et
806 1993 981 2057 inimicitiis
1013 1994 1150 2057 incensa
1185 1992 1391 2056 contentio?‘

219 2097 311 2162 Brut.
337 2099 479 2175 82‚285:
505 2099 593 2181 ,quid
620 2101 670 2162 est
693 2101 759 2163 tarn
786 2099 943 2163 dissimile
968 2119 1067 2182 quam
1094 2098 1336 2163 Demosthenes
1361 2099 1394 2162 et

219 2204 359 2287 Lysias?
385 2225 485 2286 quam
503 2205 601 2269 iidem
619 2217 650 2269 et
666 2205 877 2288 Hyperides?
895 2226 1017 2288 quam
1034 2206 1083 2269 ho
1095 2225 1184 2270 rum
1209 2204 1392 2269 omniurn

217 2311 496 2376 Aeschines?‘
520 2314 558 2378 In
584 2312 654 2375 eius
678 2312 810 2376 dicendi
834 2332 956 2392 genere
989 2311 1139 2393 levitas*)
1173 2314 1205 2377 et
1236 2311 1394 2396 splendor

202 2405 398 2483 *verborum
430 2419 588 2484 laudatur
621 2440 668 2483 or.
700 2419 955 2495 31,110.Adde
987 2419 1063 2483 huic
1093 2420 1167 2484 loco
1198 2418 1333 2484 Tuscul.
1360 2421 1390 2499 3,

177 2552 181 2557 ·
220 2527 560 2606 26,63:=,Aeschines
584 2527 617 2590 in
646 2526 902 2591 Demosthenem
927 2527 1111 2606 invehitur,
1144 2527 1233 2611 quod
1265 2528 1290 2590 is
1315 2546 1393 2610 sep·

218 2634 298 2697 tirno
322 2633 375 2697 die
399 2634 473 2717 post
497 2633 585 2697 filiae
609 2635 748 2699 mortem
774 2634 901 2697 hostias
926 2634 1175 2700 immolavisset.
1223 2634 1266 2698 At
1289 2653 1392 2716 quam

218 2740 393 2822 rhetorice,
411 2760 513 2823 quam
531 2742 673 2824 copiose,
692 2761 775 2824 quas
794 2743 977 2806 sententias
995 2742 1125 2824 colligit,
1144 2763 1251 2825 quae
1267 2742 1393 2806 verba

219 2849 475 2929 contorquet
506 2844 644 2933 (ἐκλογὴν
669 2844 818 2933 ὀνομάτων
843 2850 995 2932 spectare
1019 2850 1189 2926 videtui-t?
1226 2851 1263 2913 ut
1294 2849 1393 2913 licere

219 2954 347 3037 quidvis
380 2954 505 3018 rhetori
537 2954 732 3035 intellegas!
785 2956 965 3019 Praeterea
997 2954 1038 3018 de
1070 2958 1152 3023 orat.
1176 2957 1220 3020 111
1246 2956 1327 3034 7,28
1361 2956 1394 3019 et

219 3062 262 3126 ΙΠ
278 3062 415 3140 56,213.
442 3061 490 3124 Ex
512 3061 678 3126 Ciceronis
703 3081 837 3144 quoque
863 3062 981 3125 iudicio
1005 3057 1161 3147 ,Αἰσχίνης
1191 3065 1265 3144 μετὰ
1288 3057 1393 3147 Δημο-

218 3167 327 3253 σθένην
351 3166 476 3252 μηδενὸς
500 3166 631 3250 δεύτερος
655 3163 864 3251 ἀριθμεῖσθαι’
889 3167 1009 3248 dignus
1034 3170 1096 3232 esl.

665 3527 720 3591 De
742 3524 946 3591 Dinarcho

307 3669 483 3752 Dionysius
511 3690 585 3734 curn
610 3671 714 3734 toturn
740 3669 781 3733 de
807 3669 995 3733 oratoribus
1019 3668 1066 3749 (et
1081 3669 1286 3750 historicist)
1309 3690 1394 3754 opus

220 3776 429 3853 absolvisset,
461 3779 502 3841 de
534 3776 761 3841 Dinarcho
795 3796 945 3859 quoque,
978 3797 1076 3859 quem
1110 3776 1200 3862 apud
1235 3776 1394 3862 plurimos

101 3890 105 3901 ’
220 3883 252 3946 in
279 3883 407 3948 honore
426 3904 499 3949 esse
516 3885 654 3962 videret,
679 3883 913 3967 quaestionem
929 3884 1080 3965 instituit,
1105 3885 1302 3968 praesertim
1319 3903 1395 3949 curn

143 4000 146 4004 ’
219 3989 275 4072 qui
300 3992 403 4055 antea
428 3991 469 4054 de
495 4011 534 4055 eo
558 3990 763 4074 scripserant
787 3992 846 4054 aut
870 3993 980 4054 minus
997 3991 1130 4056 subtilia
1146 3994 1203 4056 aut
1219 3991 1304 4056 salsa
1327 3994 1396 4056 tra·

216 4097 387 4171 didissent,
419 4118 446 4162 c.
474 4101 489 4162 1
516 4120 547 4181 p.
573 4100 636 4163 630
660 4098 706 4162 R:
738 4093 813 4179 ὁρῶν
846 4097 952 4160 δὲκαὶ
989 4106 1087 4160 τοῦτον
1119 4100 1167 4160 τὸν
1190 4095 1284 4181 ἄνδρα
1313 4102 1395 4182 παρὰ

303 4256 327 4324 *l
339 4257 454 4331 minime¹
463 4225 588 4312 convehit
598 4275 660 4317 cum
667 4258 808 4328 Herrnippi
821 4257 993 4328 aliorumque
1007 4257 1106 4312 iudicio
1119 4259 1260 4328 (νεχηνυῐα,
1289 4255 1394 4330 ἄτεχνος

215 4343 288 4411 λέξις,
307 4347 409 4416 πικρός),
428 4346 451 4401 si
470 4347 565 4402 levitas
583 4351 624 4402 est
642 4346 752 4417 λειότης.
1379 4363 1382 4367 ·
