3100 4809
646 218 865 288 ,66-

259 398 294 465 Si
318 399 479 465 Plethoni
499 399 709 484 Tzetzaeque
734 401 817 467 fides
840 400 999 467 habenda
1024 403 1084 481 est,
1113 401 1270 469 Isocratis
1300 403 1347 469 di-

162 508 305 592 sciplina
335 509 568 593 μεγαλοπέπειαν
601 510 634 574 et
657 510 811 593 συντομίαν
845 508 972 573 addidit
992 509 1179 575 Aristotelis
1210 511 1342 577 duabus

159 617 335 682 virtutibus
370 621 515 703 σαφήνεια
534 617 581 681 'et
615 619 740 698 πρέπον;
775 616 901 678 πιθανὸν
933 613 1124 701 (πιθανότης)
1148 619 1199 682 est
1229 622 1340 702 πρέπον

158 723 258 788 Arist.
283 724 368 788 rhet.
391 724 436 787 111
460 744 486 790 c.
513 726 542 791 2.
590 723 943 806 Theophrastum
975 725 1016 788 de
1049 724 1228 789 virtutibus
1260 747 1338 792 ora-

159 831 257 894 tionis
292 830 480 913 disputasse
511 831 582 914 ipse
613 832 755 895 testatur
788 831 965 914 Dionysius
999 832 1040 895 de
1072 832 1145 914 Lys.
1171 832 1237 898 iud.
1263 853 1290 898 c.
1317 836 1337 898 θ
1403 883 1406 887 -

160 960 190 1021 p.
209 938 274 1002 464
290 937 334 1001 R:
369 933 453 999 Μετά
488 939 597 1009 ταίιτας
629 934 735 1023 ἀρετήν
770 933 896 1020 εόρίσκω
930 941 1013 1020 παρὰ
1037 934 1137 1021 Λυσία
1163 935 1239 1001 πάνυ
1261 941 1341 1002 θαυ·

158 1049 280 1129 μαστήν,
305 1041 343 1131 ής
359 1041 550 1132 Θεόφραστος
573 1049 626 1130 μέν
650 1066 736 1132 φησιν
752 1043 837 1129 ἀρΕαι
853 1043 1064 1131 Θρασόμαχον,
1089 1043 1146 1126 ἐγὼ
1163 1046 1188 1107 δ’
1206 1044 1334 1133 ήγουμαι

157 1148 273 1215 Λυσίαν
380 1149 399 1237 ή
424 1157 629 1240 συστρέφουσα
658 1157 695 1215 τά
724 1158 858 1239 νοήματα
885 1157 936 1216 καί
960 1153 1145 1238 στρογγυλως
1168 1150 1336 1240 ἐκφέρουσα

157 1257 243 1332 λέξις.
268 1260 321 1342 (Μ.
346 1261 496 1326 Schmidt
520 1261 561 1324 de
585 1260 755 1344 Theophr.
780 1283 813 1344 p.
832 1263 871 1326 41
899 1267 995 1345 sqq).

247 1386 389 1451 Exhihet
421 1386 493 1450 illas
531 1387 690 1468 quattuor
720 1386 860 1451 virtutes
889 1385 1040 1452 Cicero
1066 1406 1210 1470 quoque,
1236 1409 1336 1471 quem

100 1501 103 1506 ’
157 1495 311 1558 Isocratis
329 1496 361 1558 et
378 1493 603 1577 Theophrasti
619 1494 759 1574 vestigia
777 1495 939 1576 pressisse
956 1495 1032 1577 plns
1049 1514 1117 1558 uno
1134 1495 1207 1559 loco
1223 1496 1337 1559 docui·

157 1622 242 1680 mus
260 1601 461 1684 planiusque
479 1598 533 1683 (de
551 1601 656 1665 012111
672 1620 700 1665 c.
716 1602 1005 1686 10-56)11·actat.
1031 1603 1078 1667 De
1096 1623 1143 1667 or.
1157 1604 1200 1667 Ill
1215 1605 1265 1682 10,
1275 1605 1334 1670 37:

158 1708 319 1790 ‚Quinam
336 1707 434 1790 igitur
459 1708 589 1772 dicendi
614 1711 665 1773 est
687 1710 807 1773 modus
831 1710 947 1774 melior
973 1764 979 1778 .
1006 1761 1013 1773 .
1038 1727 1138 1793 quam
1163 1712 1200 1775 ut
1230 1710 1334 1775 latine

156 1811 352 1902 (έλληνισμός,
376 1815 504 1897 καθαρὰ
520 1814 618 1896 λέξις),
644 1836 665 1880 u
702 1816 804 1899 plane
828 1818 1008 1903 (σαφήνεια),
1033 1820 1072 1882 ut
1096 1820 1213 1882 ornate
1230 1821 1335 1903 (μεγα-

155 1923 336 2006 λοπρέπεια),
362 1926 399 1987 ut
414 1923 457 1986 ad
473 1923 516 1997 id,
542 1924 776 2007 quodcumque
794 1927 922 2006 agetur,
948 1927 1026 2008 apte
1045 1926 1333 2008 congruenterque

158 2031 306 2094 dicamus
324 2021 456 2113 (πρέπον)
468 2030 494 2093 ίι
521 2030 574 2111 (cf.
593 2030 744 2096 Cornific.
761 2032 805 2096 IV
825 2033 875 2111 12,
890 2033 928 2096 17
946 2033 1019 2115 sq).
1043 2027 1202 2117 Συντομίαν
1219 2032 1334 2098 Cicero

158 2138 267 2201 omisit
296 2138 546 2221 omiseruntque
576 2139 719 2203 fortasse
752 2139 907 2203 Isocratis
946 2138 1097 2221 discipuli
1136 2141 1332 2204 auctoritate

153 2244 340 2308 Aristotelis
364 2245 506 2327 permoti
529 2245 641 2326 (Arist.
665 2247 749 2311 rhet.
771 2246 816 2310 ΙΙΙ
839 2266 866 2310 c.
886 2246 949 2325 16),
976 2245 1153 2328 Dionysius
1185 2244 1329 2309 retinuit

154 2349 234 2427 Quis
267 2372 366 2435 porro
397 2352 523 2435 primus
555 2349 662 2434 ἀρετὰς
691 2352 858 2433 ἀναγκαίας
888 2353 921 2415 et
951 2348 1106 2421 ἐπιθέτους
1135 2351 1330 2429 distinxerit,

154 2477 274 2541 parum
298 2457 411 2540 liquet,
437 2459 611 2523 distinctas
636 2480 671 2523 se
696 2459 865 2542 accepisse
889 2458 960 2539 ipse
986 2456 1094 2524 tradit.

691 2620 693 2623 ·
722 2603 763 2667 ΙΙ.

341 2727 397 2794 De
420 2728 626 2810 generibus
650 2725 871 2791 orationum
894 2729 1139 2803 (causarum).

242 2852 337 2930 Quae
361 2854 402 2917 de
427 2874 539 2918 rerum
562 2852 754 2916 inventione
780 2851 813 2914 et
837 2851 1043 2929 oeconomia,
1074 2850 1116 2914 de
1149 2850 1329 2913 verborum

154 2959 285 3024 delectu
299 2962 333 3024 et
345 2960 583 3044 compositione
599 2957 759 3040 praecipit
774 2956 962 3039 Dionysius,
980 2976 1020 3022 ea
1035 2957 1068 3019 in
1083 2955 1194 3019 omnia
1207 2975 1331 3036 genera

153 3082 330 3131 cansarum·
355 3068 472 3131 cadere
497 3084 599 3148 supra
623 3064 747 3144 monui,
772 3064 937 3127 accedunt
968 3063 1019 3128 his
1052 3081 1138 3146 quae
1162 3063 1204 3127 de
1228 3062 1330 3125 virtu·

152 3174 239 3237 tibus
265 3174 423 3238 orationis
448 3171 598 3238 disserui.
647 3171 732 3234 Sunt
756 3173 868 3235 autem
894 3190 1019 3251 genera
1043 3173 1116 3245 tria,
1141 3189 1229 3253 quae
1257 3169 1330 3231 itio-

152 3281 267 3364 nysius
293 3298 425 3362 quoque
449 3277 584 3360 recepit.
631 3278 679 3341 De
704 3279 777 3361 Lys.
804 3298 830 3344 c.
857 3280 897 3343 16
913 3300 945 3362 p.
963 3279 1027 3342 488
1043 3279 1089 3343 R:
1115 3275 1332 3347 Ἀποδεδωκὼς

151 3386 184 3448 δέ
207 3389 254 3448 τὸν
278 3381 350 3468 ὑπὲρ
372 3394 428 3445 των
452 3381 562 3467 ἀρετῶν
578 3379 674 3447 τεκαὶ
696 3388 847 3470 στοιχείων
871 3381 967 3465 λόγον,
985 3381 1044 3467 έρω
1059 3393 1106 3447 νῦν
1123 3378 1171 3445 καί
1195 3385 1331 3467 περὶτοῦ

150 3497 252 3574 γένους
267 3502 322 3554 των
338 3490 618 3578 ἀμφισβητημάτων,
642 3488 680 3553 ἐν
703 3488 760 3563 οἷς
784 3488 862 3554 ἐστι
878 3492 1142 3577 θεωρήμασιν
1158 3488 1177 3577 ή
1193 3490 1331 3553 πυλιτι-

151 3604 199 3686 κή
222 3604 362 3686 τέχνη·
386 3608 504 3683 τριχή
528 3598 568 3661 δὲ
591 3604 852 3685 νενεμημένου
882 3609 949 3662 του
972 3596 1181 3686 ῥητορικοῦ
1211 3594 1330 3678 λόγου

150 3709 219 3769 καί
249 3711 336 3791 τρία
365 3702 672 3792 περιειληφότος
706 3711 795 3792 γένη
825 3703 866 3768 τό
889 3728 928 3767 τε
957 3706 1163 3770 δικανικὸν
1194 3707 1260 3768 καί
1291 3705 1330 3766 τὸ

150 3814 487 3899 συμβουλευτικὸν
503 3816 568 3875 καί
584 3816 622 3876 τὸ
638 3813 883 3898 καλοόμενον
904 3810 1199 3897 έπιδεικτικὸνή
1216 3832 1330 3897 πανη-

150 3943 167 4001 γ
176 3943 217 4004 υρ
226 3924 307 3982 ικόν
319 3969 326 3994 ,
339 3918 368 3984 ἐν
381 3918 473 3983 ἅπασι
484 3923 535 4005 μὲν
547 3916 658 3991 τοότοις
671 3916 746 3981 ἐστίν
758 3916 774 3981 ὁ
787 3918 861 4005 ἀνήρ
878 3917 968 4000 λόγου
980 3919 1069 3992 ἀξιυς.
1093 3920 1179 3998 Quid
1192 3920 1331 3984 interce-

150 4029 210 4092 dat
232 4027 318 4093 inter
345 4049 449 4109 genus
473 4028 625 4093 iudiciale
651 4029 683 4091 et
704 4028 912 4109 epidicticum
937 4028 1035 4092 docet
1058 4028 1099 4091 de
1118 4028 1208 4095 Dem.
1235 4048 1261 4092 c.
1287 4027 1329 4090 44
1385 4042 1388 4048 ·

153 4157 184 4218 p.
212 4137 296 4200 1094
320 4136 360 4199 R.

239 4241 330 4305 Haec
340 4242 401 4305 tria
411 4239 737 4323 generaDionysium
751 4240 794 4304 ab
807 4241 986 4306 Aristotele
1001 4242 1123 4324 quique
1138 4262 1213 4305 eum
1223 4240 1327 4305 secuti

151 4352 228 4412 sunt
245 4343 568 4430 accepisse'prohare
587 4347 800 4430 supersedeo.
815 4370 844 4414 v.
860 4347 1114 4433 Volkahet.2
1130 4370 1161 4432 p.
1176 4351 1239 4415 532
1257 4368 1328 4432 sqq.
