3100 4809
698 243 740 287 -ἓ
790 242 849 306 101
893 243 939 288 ἰ

229 420 414 484 elocutione
439 420 525 484 infra
551 418 812 483 Demosthenem
837 439 911 483 esse
935 440 1037 503 saepe
1062 420 1159 484 dicit:
1190 419 1403 503 Thucydides

228 526 354 607 grande
380 547 485 605 genus
510 524 640 589 dicendi
664 524 825 604 sequitur,
850 525 910 588 sed
931 524 1010 588 nihil
1035 526 1077 589 ad
1102 527 1278 604 oratorem,
1303 545 1402 606 quem

230 634 424 715 quaerimus
448 634 502 714 (de
527 633 638 716 optim.
665 652 739 713 gen.
765 652 812 696 or.
846 634 960 713 5,15);
997 631 1113 715 Lysias
1138 632 1247 696 tenuis
1272 632 1402 713 generis

229 741 345 819 cultor,
371 741 456 805 elate
481 740 591 803 dicere
615 739 757 803 fortasse
783 759 850 802 non
877 741 982 821 potuit
1013 739 1068 819 (ih.
1101 740 1206 819 4,]0),
1237 738 1401 802 Isocrates

227 867 337 930 paene
362 846 531 930 perfectus
557 847 679 923 orator,
705 846 764 909 sed
782 845 927 919 mollior3
953 865 995 909 ne
1019 844 1117 909 Plato
1134 845 1278 928 quidem,
1303 866 1400 927 quem

227 954 342 1018 Cicero
374 973 506 1036 semper
530 954 681 1036 excipere
713 953 798 1016 solet
828 952 1033 1034 summisque
1057 951 1213 1014 laudibus
1245 952 1401 1021 cumulat.

228 1060 308 1124 satis
334 1062 432 1144 aptus
460 1060 502 1123 ad
527 1080 648 1123 causas
673 1060 824 1123 forenses
850 1059 1082 1142 explicandas
1107 1058 1303 1142 pernobile
1327 1079 1402 1122 ora·

228 1169 337 1230 torum
370 1166 613 1230 Demosthenes
652 1168 685 1230 et
722 1166 926 1246 Aeschines,
967 1166 1136 1230 antecedit
1170 1164 1399 1229 Paeaniensis

229 1273 354 1337 Omnes
386 1274 417 1336 in
460 1273 558 1337 unius
589 1273 823 1337 Demosthenis
864 1273 1052 1337 elocutione
1091 1272 1288 1337 coniunctas
1327 1292 1400 1336 esse

227 1381 367 1445 virtutes
392 1382 554 1446 oratorias
587 1383 684 1445 docet
708 1378 873 1465 [δεινότητα
904 1374 1053 1464 appellat
1083 1380 1277 1466 Dionysius]
1307 1378 1399 1445 Brut.

226 1489 325 1564 9,35:
373 1487 471 1563 ,Nihil
515 1491 612 1553 acute
657 1488 798 1552 inveniri
838 1489 944 1571 potuit
982 1489 1014 1551 in
1057 1489 1102 1552 eis
1144 1488 1275 1565 causis,
1312 1475 1400 1571 ‘quas

226 1595 367 1677 scripsit,
400 1595 480 1657 nihil
504 1598 541 1658 ut
565 1595 611 1660 ila
635 1595 743 1659 «licam
776 1595 915 1658 subdole
941 1594 1021 1659 nihil
1056 1597 1190 1659 versute
1214 1596 1402 1677 (πανουργίαν

227 1703 260 1765 et
283 1699 396 1786 ἀπάτην
422 1703 464 1765 ab
488 1703 584 1767 isaeo
610 1704 785 1786 occeptum
811 1702 889 1766 dicit
914 1702 1116 1785 Dionysius),
1142 1701 1231 1783 quod
1255 1700 1307 1765 ille
1332 1722 1398 1764 non

225 1808 362 1881 viderit3
388 1808 469 1871 nihil
493 1809 659 1872 subtiliter
676 1809 748 1891 dici,
774 1809 854 1872 nihil
871 1828 998 1891 presse,
1024 1808 1106 1872 nihil
1124 1788 1309 1874 enucleate.¹
1334 1828 1400 1889 quo

225 1914 295 1976 lieri
320 1917 433 1995 posset
462 1914 583 1997 aliquid
607 1916 764 1996 limatiuS,
799 1913 878 1977 nihil
903 1917 1019 1978 contra
1044 1915 1183 1996 grande,
1214 1913 1294 1977 nihil
1319 1914 1400 1978 inci·

225 2021 341 2096 tatum,
360 2020 441 2083 nihil
457 2023 613 2084 ornatum
631 2021 681 2084 rel
700 2022 878 2084 verborum
896 2021 1060 2100 gravitate
1073 2020 1124 2084 vel
1142 2020 1398 2100 sententiarum,

227 2147 294 2209 quo
318 2127 500 2209 quidquam
525 2130 614 2192 esset
638 2128 777 2192 elutius.‘

313 2248 524 2336 Πραγματινὸν
548 2253 582 2317 et
604 2249 738 2314 λεντεκὸν
762 2255 848 2314 τόπον
872 2253 905 2315 in
923 2251 987 2316 hoc
1003 2252 1122 2315 iudicio
1142 2253 1295 2335 spectare
1321 2271 1397 2315 eum

224 2359 373 2423 videmus
398 2360 546 2442 laicique
570 2359 623 2424 hic
640 2380 773 2442 quoque
791 2379 866 2423 cum
884 2359 955 2424 aliis
973 2358 1161 2422 oratoribus
1184 2358 1399 2440 comparatio.

221 2466 272 2530 Ad
296 2468 476 2531 verborum
501 2466 643 2530 electum
675 2468 708 2530 el
733 2466 1005 2550 compositionem
1036 2465 1206 2548 pertinent
1239 2464 1399 2548 imprimis

222 2593 309 2654 quae
326 2575 368 2637 ‹le
384 2575 565 2639 verborum
582 2574 763 2657 splendore
781 2577 813 2638 et
830 2573 992 2654 gravitate
1011 2576 1043 2637 et
1061 2574 1102 2637 de
1119 2572 1234 2637 limata
1250 2570 1399 2636 oratione

222 2680 307 2744 dicit.
355 2680 561 2744 Concursum
603 2681 764 2745 localium
808 2683 845 2745 ut
887 2681 1040 2745 vitiosum
1080 2700 1203 2760 magna
1234 2679 1399 2762 exparte

222 2787 481 2851 Demosthenem
506 2809 640 2871 quoque
664 2789 790 2870 fugisse
814 2790 914 2854 trudit
939 2790 1021 2856 orat.
1049 2790 1185 2867 lumi.
1234 2786 1397 2850 Numeros

181 2977 188 2988 l
222 2894 365 2974 grandes
390 2896 423 2958 et
446 2915 568 2959 suaves
593 2897 626 2958 et
650 2896 751 2960 rebus
775 2897 1044 2959 accommodatos
1061 2894 1296 2959 Demosthenis
1320 2913 1397 2957 ora-

222 3000 328 3064 tiones
360 3000 496 3079 habere,
529 3001 590 3065 elsi
622 3001 737 3067 Cicero
769 3022 837 3065 non
869 3005 986 3085 aperte
1020 3003 1177 3081 testatur,
1210 3001 1324 3065 tamen
1357 3021 1396 3063 ex

222 3106 292 3169 aliis
324 3108 464 3170 oratoris
496 3108 652 3172 laudibus
682 3108 769 3172 hanc
808 3127 942 3190 quoque
986 3109 1140 3172 virtutem
1179 3106 1396 3171 Demostheni

222 3211 375 3276 tribuisse
401 3217 550 3297 apparet.
600 3216 852 3279 Sententiarum
876 3218 1075 3279 ornamenta
1103 3215 1286 3279 laudantur
1310 3215 1395 3278 orat.

223 3320 366 3393 aarum
399 3320 450 3398 ‚ut
481 3325 560 3385 sunt
595 3322 839 3386 sententiarum
872 3321 999 3385 lumina
1031 3321 1158 3385 maiora
1184 3323 1296 3402 (quam
1321 3340 1395 3383 ver-

222 3425 365 3505 borum),
390 3428 511 3508 quihus
528 3429 606 3509 quia
622 3429 893 3511 frequentissime
910 3428 1154 3493 Demosthenes
1171 3429 1284 3508 utitur,
1300 3430 1396 3491 sunt

222 3532 293 3612 qui
316 3532 510 3615 putent*)
535 3536 655 3599 idcirco
679 3536 749 3599 eius
774 3536 1000 3617 eloquentiam
1018 3536 1160 3598 maxime
1189 3555 1261 3599 esse
1279 3534 1395 3599 lauda·

221 3638 341 3703 bilem‘
388 3640 468 3703 Aliis
500 3641 580 3705 locis
612 3643 696 3707 aliae
730 3642 966 3708 Demosthenis
997 3643 1135 3707 virtutes
1169 3643 1395 3719 nominantur,

221 3749 305 3809 orat.
324 3747 376 3825 26,
386 3749 428 3812 90
456 3747 612 3822 facetiam
637 3751 721 3814 orat.
748 3751 800 3829 70,
811 3751 872 3814 234
898 3750 1057 3825 fulmina;
1083 3750 1393 3828 deccanhaam

221 3853 368 3917 veritatis
393 3854 560 3928 studium;
585 3856 627 3919 de
651 3857 733 3921 orat.
760 3857 804 3920 Ill
841 3858 869 3935 7,
882 3859 922 3920 28
948 3857 997 3920 vis
1029 3857 1228 3940 praecipua3
1259 3856 1303 3920 ad
1326 3856 1394 3920 Au.

223 3960 252 4036 2,
267 3962 323 4036 1,ss
347 3964 499 4044 σεμνότης.

312 4085 358 4149 De
383 4087 514 4150 actione
532 4105 666 4168 quoque
692 4108 779 4171 quae
798 4088 974 4170 Dionysius
992 4088 1092 4152 tradit
1109 4088 1273 4153 habemus
1290 4091 1394 4153 maxi-

221 4211 310 4254 mam
335 4196 465 4275 partem
490 4194 581 4276 apud
605 4194 808 4272 Ciceronem,
826 4195 868 4258 de
885 4197 968 4259 orat.
984 4196 1029 4260 ΙΙΙ
1046 4198 1191 4273 auam:
1217 4196 1293 4270 ‚Sed
1310 4196 1393 4261 haec

220 4328 278 4336 -η

308 4390 332 4455 *s*
349 4391 402 4443 hoc
421 4406 530 4460 quoque
550 4392 667 4445 ostendit
686 4392 719 4446 de
738 4391 842 4452 λεκτικῷ
860 4393 927 4452 τόπῳ
941 4392 1129 4446 Demosthenis
1144 4393 1311 4462 disputatum
1325 4411 1392 4448 esse.
