3100 4809
652 181 870 249 -90,

166 369 228 430 τοῖς
250 354 350 432 αὑτοῖς
372 365 509 447 σχήμασι
531 365 630 433 πάσας
653 357 858 445 ἐπικοσμοῦντι
880 363 934 432 τὰς
956 365 1081 447 γραφάς.
1121 358 1252 432 ἅπαντας
1275 371 1343 441 γοῦν

166 466 288 552 (φησιν)
310 463 442 549 εὑρισκον
465 469 533 540 τοὺς
555 469 663 548 λόγους
686 463 775 530 αὑτοῦ
805 476 867 538 τοῖς
897 463 996 540 αὑτοῖς
1017 471 1137 551 τρόποις
1160 478 1213 553 της
1235 467 1344 539 λέξεως

166 579 371 660 κεχρημένους
395 572 730 661 [έσχηματισμένουςθ]
754 571 822 636 ὣστ’
848 570 877 636 ἐν
899 574 1021 647 πολλοῖς
1044 584 1187 660 τεχνικῶς
1208 577 1244 635 τά
1267 575 1342 636 καθ’

167 677 278 743 ἕκαστα
301 679 539 768 ἐξεργαζόμενον,
563 692 624 753 τοῖς
646 679 727 753 ὑλοις
750 678 867 766 ἀπρεπη
888 681 1038 753 παντελῶς
1059 680 1218 768 μαίνεσθαι
1240 681 1289 743 διά
1311 682 1344 742 τὸ

167 788 208 870 μὴ
232 784 439 874 προσηκόντως
461 799 523 862 τοῖς
545 785 744 873 ὑποκειμένοις
766 799 823 851 τῶν
846 785 931 873 ἠθῶν
954 792 1083 872 φράζειν.
1117 786 1345 872 Ἱερώνυμος

167 894 199 957 δὲ
223 892 238 957 δ
262 892 423 981 φιλόσοφός
451 918 547 983 ρησιν,
579 894 741 976 ἀναγνῶναι
770 899 823 979 μὲν
847 893 891 956 ἀν
923 917 1005 957 τινα
1034 895 1254 981 δυνηθῆναι
1277 897 1343 966 τοδς

166 1002 274 1080 λόγους
304 999 393 1064 αὑτοῦ
425 1004 536 1080 καλῶς,
569 1002 777 1088 δημηγορῆσαι
801 1002 833 1064 δὲ
862 1007 913 1087 την
935 1024 966 1062 τε
990 1005 1088 1089 φωνην
1103 1001 1163 1064 ’καὶ
1190 1005 1239 1063 τὸν
1262 1005 1343 1063 τόνον

167 1106 359 1191 ἐπάραντα
382 1111 433 1172 καὶ
457 1106 486 1171 έν
509 1112 600 1193 ταότη
623 1119 659 1193 τῇ
683 1118 856 1193 κατασκευῇ
880 1113 953 1193 μετὰ
977 1119 1030 1194 της
1051 1106 1255 1195 ἁρμοττοόσης
1277 1104 1343 1171 ὑπο·

167 1219 292 1298 κρίσεως
324 1211 420 1290 εἰπεῖν,
455 1213 489 1279 οὑ
523 1218 680 1288 παντελῶς.
727 1220 759 1279 τδ
794 1219 850 1298 γὰρ
883 1220 1015 1298 μέγιστον
1044 1219 1096 1278 καὶ
1118 1221 1343 1303 κινητικώτατον

167 1334 223 1385 τῶν
246 1320 346 1408 ὄχλων
367 1327 674 1407 παραιτεῖσθαι,
699 1327 731 1385 τδ
755 1325 922 1407 παθητικὸν
945 1325 999 1385 καὶ
1022 1324 1171 1408 ἔμψυχονΙ
1197 1323 1342 1387 δουλεόειν

167 1435 224 1514 γάρ
249 1426 334 1493 αὑτὸν
357 1441 392 1514 τη
408 1430 531 1517 λειότητι
546 1431 594 1493 διά
610 1436 731 1502 παντός·
757 1434 790 1492 τδ
814 1430 846 1491 δὲ
868 1435 1077 1515 κεκραμένον
1093 1433 1145 1493 καὶ
1160 1431 1343 1494 παντοδαπὸν

168 1534 295 1599 ἐπιτάσει
318 1560 348 1599 τε
370 1541 422 1600 καὶ
445 1536 541 1600 ἀνέσει
563 1540 664 1600 καὶτὸ
683 1545 747 1610 ταῖς
769 1538 953 1622 παθητικαῖς
975 1533 1048 1600 ὑπό
1055 1539 1194 1600 θεσεσι
1216 1537 1345 1623 διειλημ-

169 1646 254 1728 μένον
277 1640 594 1730 ὑπερβεβηκέναι,
641 1645 781 1707 καθόλου
805 1643 837 1705 δέ
860 1665 946 1730 φησιν
976 1640 1063 1707 αὑτὸν
1087 1640 1129 1716 εἰς
1157 1643 1344 1725 ἀναγνώστου

168 1749 273 1823 παιδὸς
307 1755 406 1837 φωνην
437 1751 603 1814 καταδὺντα
635 1755 709 1836 μήτε
743 1756 824 1813 τόνον
860 1756 933 1836 μητε
967 1752 1068 1823 πάθος
1098 1756 1172 1837 μήτε
1195 1747 1345 1834 ὑπόκρισιν

168 1858 314 1920 δὺνασθαι
337 1857 442 1944 μέρειν.
466 1859 592 1931 πολλοῖς
614 1858 646 1920 δὲ
669 1861 721 1920 καὶ
745 1857 850 1930 ἀλλοις
872 1867 962 1920 ταῦτα
985 1860 1038 1920 καὶ
1061 1859 1254 1944 παραπλήσια
1278 1855 1344 1921 ’τοὺ-

168 1987 226 2036 τοις
250 1963 369 2051 εἴρηται,
395 1970 461 2049 περὶ
484 1963 524 2028 ὧν
547 1960 630 2028 οὐδὲν
653 1962 758 2050 δεόμαι
781 1970 911 2051 γράρειν.

258 2092 386 2156 Iuvabit
418 2093 562 2156 eundem
598 2092 790 2175 Hieronymi
825 2091 945 2172 locum,
981 2090 1040 2154 sed
1076 2111 1143 2154 non
1182 2092 1269 2154 omni
1304 2111 1343 2154 ex

170 2200 264 2281 parle
300 2218 372 2261 cum
399 2199 542 2282 Dionysii
582 2199 732 2281 exemplo
768 2199 1009 2278 congruentem
1040 2218 1081 2261 ex
1104 2197 1342 2261 Philodemi

170 2307 288 2387 quarto
311 2306 497 2370 rheloricae
528 2306 612 2368 libro
646 2325 816 2389 apponere
841 2304 887 2385 (li.
915 2304 1070 2387 Spengel,
1096 2303 1230 2369 Beriehl
1255 2305 1284 2367 d.
1311 2306 1341 2367 h.

174 2413 273 2479 Akad.
300 2412 329 2475 d.
355 2412 454 2477 lViss.
483 2414 584 2486 18363
610 2413 670 2479 cel.
696 2412 792 2476 xvii
809 2433 880 2494 sqq.
892 2410 931 2489 :*)

258 2531 430 2618 Ἱερώνυμος
452 2535 484 2596 δέ
500 2556 595 2621 φησιν,
612 2533 775 2615 ἀναγνῶναι
791 2538 842 2619 μὲν
860 2531 948 2596 αὑτοῦ
965 2536 1032 2606 τοὺς
1047 2535 1175 2614 λόγους.
1193 2587 1199 2601 .
1225 2532 1345 2620 (ῥαδίως

170 2642 278 2725 suppl.
304 2643 344 2705 ed
368 2643 485 2725 Neap.)
508 2642 751 2727 δυνήσεσθαί
773 2664 875 2724 τινα,
901 2642 1108 2728 δημηγορησαι
1131 2642 1163 2704 δέ
1179 2646 1230 2728 τὴν
1247 2647 1345 2730 ρωνην

168 2750 220 2810 καὶ
243 2752 290 2810 τόν
313 2746 393 2809 τόνον
424 2745 635 2831 ἐπαίροντα
664 2751 716 2811 καὶ
747 2745 776 2810 ἐν
807 2747 899 2832 ταότη
930 2758 966 2831 τη
998 2759 1170 2833 κατασκευῇ
1195 2755 1268 2833 μετά
1291 2762 1343 2837 της

170 2851 374 2940 ἁρμοττοόσης
403 2851 585 2937 ὑποκρίσεως
613 2851 700 2918 εἰπεῖν
724 2852 758 2918 οὑ
788 2855 952 2926 παντελῶς·
985 2858 1018 2917 τὸ
1047 2859 1104 2938 γάρ
1135 2860 1267 2940 μέγιστον
1293 2861 1344 2919 καὶ

171 2958 1342 3047 κινητικώτατονπαρεῖσθαιτῶνόχλων·ἀψυχονγάραὺτου

171 3072 234 3131 καὶ
270 3068 363 3132 ἀνευ
400 3072 646 3155 παθημάτων
673 3071 790 3153 (Hiller
821 3070 954 3133 exhibet
986 3067 1216 3150 ἀνυπάκουστον)
1243 3067 1344 3133 εἶναι

170 3179 237 3261 τὴν
260 3177 359 3248 λέξιν
382 3179 449 3239 καὶ
472 3173 558 3239 οἱονεὶ
576 3181 651 3261 πρὸς
669 3175 720 3240 ἕνα
747 3181 828 3239 τόνον
857 3180 1070 3262 πεποιημένην,
1089 3172 1121 3238 τὸ
1142 3175 1174 3238 δέ
1196 3180 1344 3241 κεκλα-

171 3287 311 3367 σμένον
326 3285 378 3346 καὶ
393 3280 577 3347 παντοδαπόν
592 3287 644 3346 καὶ
660 3285 786 3346 ἐπιτάσει
802 3285 899 3344 τεκαὶ
915 3280 1011 3344 ἀνέσει
1023 3285 1075 3344 καὶ
1087 3292 1151 3354 ταῖς
1166 3287 1348 3370 παθητικαῖς

170 3385 406 3472 ὑπερθέσεσι
435 3390 636 3477 διειλημμένον
667 3389 1006 3475 ἀποβεβληκέναι,
1037 3399 1073 3471 τη
1097 3388 1130 3450 δὲ
1152 3388 1276 3476 λειότητι
1299 3392 1347 3455 διά

169 3493 276 3567 παντὸς
287 3496 445 3559 δουλεὺειν·
462 3507 614 3581 τοιγαροῦν
630 3493 699 3589 <εὑ>
715 3495 897 3578 ανάγνωστον
913 3499 965 3580 μέν
982 3492 1052 3558 εἶναι
1067 3507 1167 3583 ρωνης
1182 3492 1345 3586 ὑρειμένης,

171 3602 392 3689 ἐπαρθείσηςδὲ
406 3602 495 3690 <μη>,
509 3602 564 3666 κάν
576 3614 638 3676 ταῖς
651 3605 797 3689 περιόδοις
808 3603 926 3683 κα..**)
940 3612 1029 3665 ουσαν
1043 3606 1089 3664 τὸν
1099 3603 1222 3682 λέγοντα
1235 3608 1285 3667 καὶ
1297 3609 1348 3691 τὴν

170 3706 319 3794 ὑπόκρισιν
343 3709 561 3798 ἀφαιρουμένην
578 3710 808 3797 (ἀραιρουμένου
826 3713 906 3786 eod„
924 3731 988 3774 em.
1000 3711 1157 3794 Spengel)
1173 3714 1225 3773 καὶ
1240 3713 1347 3796 σχεδὸν

170 3812 282 3880 ἐαντίαν
305 3828 340 3901 τη
387 3828 442 3879 τῶν
465 3819 635 3881 πολιτικῶν·
664 3814 748 3889 <τδ>ν
780 3810 882 3901 (<τῶ>ν
912 3818 961 3881 ed.
995 3817 1112 3899 Neap.)
1146 3817 1178 3878 δέ
1208 3819 1348 3880 πολυτευ-

263 4031 289 4097 *)
309 4050 333 4084 ι’.
363 4032 445 4085 elium
471 4032 519 4085 Ed.
547 4031 676 4095 Hiller,
702 4030 862 4100 Hieronymi
886 4030 987 4084 Rhodii
1014 4033 1165 4099 fragmenta
1193 4030 1220 4083 in
1250 4032 1349 4085 Salura

174 4121 268 4189 philol.
289 4121 381 4175 Herm.
402 4121 522 4190 Sauppio
541 4121 594 4173 obl.
614 4121 702 4174 Berol.
725 4121 793 4173 lew
811 4121 848 4188 (p.
870 4120 920 4173 113
938 4123 988 4188 sql.

263 4244 310 4306 **>
325 4244 363 4297 ila
381 4246 455 4314 apud
475 4245 647 4313 Spengelium
658 4264 664 4307 ;
684 4245 733 4298 sed
752 4245 836 4298 Hiller
855 4245 964 4298 exhibet
988 4243 1039 4311 ,καὶ
1064 4241 1274 4313 τ<ερι>ειλουοαν
1301 4251 1349 4312 (ila

174 4333 257 4396 Billis,
282 4329 481 4402 <προ>ιιλοῠσαν
499 4335 541 4386 etl.
562 4332 672 4401 lleap.)‘.
