3100 4809
632 177 850 241 ..56-

148 360 261 440 κράτης
283 352 300 419 ὁ
322 351 488 442 Ἀθηναῖος
517 350 645 437 ἐγένετο,
676 353 845 440 ριλεσόρων
876 352 908 415 δὲ
939 350 1065 416 Πλάτων
1088 349 1105 416 ὁ
1128 349 1326 436 Σωκρατικός,

147 464 254 524 worm
276 466 333 546 γὰρ
357 459 513 548 ἀμήχανον
537 457 629 544 εὑρεῖν
662 471 717 523 τῶν
740 458 854 543 ἀνδρῶν
886 457 1004 544 ἑτέρους
1026 464 1106 532 τινας
1136 458 1191 531 ἔξω
1222 457 1326 545 Δημο-

148 566 309 654 σθένοεςῆ
326 566 491 649 τάναγκαῖα
506 570 558 631 καὶ
581 572 716 653 χρήσιμα
739 577 869 650 κρεῖττον
892 565 1085 652 ἀσκήσαντας
1107 564 1197 655 ἢτὴν
1220 565 1327 628 καλλι-

150 674 251 756 λογίαν
278 678 330 738 καὶ
353 679 406 747 τὰς
422 671 576 746 ἐπιθέτους
598 678 790 745 κατασκευὰς
813 675 924 755 βέλτιον
944 671 1211 759 ἀτεδειξαμένεεςέ
1235 673 1327 738 Haeo

150 783 327 866 Dionysius
358 782 399 846 de
430 781 560 846 dicendi
591 782 780 861 generibus.
829 781 897 844 Sed
927 782 984 862 qui
1014 784 1093 844 suni
1123 780 1179 844 aiii
1211 780 1274 855 iiii,
1307 799 1327 843 a

150 891 272 971 quibus
306 910 383 954 eum
416 908 540 969 genera
570 889 740 971 accepisse
765 887 856 951 dixi?
895 887 1023 950 Primus
1054 889 1095 952 de
1130 887 1326 952 elocutionis

151 998 330 1076 generibus
355 997 475 1061 librum
501 996 687 1079 composuit
723 994 1036 1072 Antisthenes,
1068 996 1155 1058 teste
1178 994 1327 1076 Diogene

150 1104 259 1169 Lucri.
277 1105 321 1168 VI
337 1124 364 1168 c.
382 1106 421 1169 9:
445 1098 591 1186 Φέρονται
614 1098 639 1163 δ’
655 1097 744 1165 αὐτοῦ
761 1106 988 1193 συγγράμματα,
1013 1098 1096 1185 τόμοι
1112 1101 1196 1179 δέκα,
1213 1111 1329 1185 πρῶτος

150 1207 180 1271 ἐν
205 1207 228 1293 ᾧ
252 1213 317 1293 περὶ
343 1209 451 1282 λέξεως
474 1206 494 1292 ἢ
518 1211 584 1293 περὶ
599 1213 809 1293 χαρακτήρων.
841 1207 1198 1290 Theophrastum
1216 1213 1328 1273 nutem

152 1297 205 1382 illa
229 1320 292 1382 tria
323 1338 448 1399 genera
483 1318 673 1382 distinxisse
705 1317 847 1399 apparet
881 1336 921 1379 ex
945 1314 1092 1399 Dionysii
1124 1316 1196 1379 loco
1227 1335 1327 1397 quem

155 1425 251 1488 modo
282 1424 379 1488 attuli
410 1424 463 1505 (dc
495 1425 587 1489 Dom.
621 1443 647 1490 o.
684 1426 703 1488 3
736 1424 829 1500 init).
876 1422 976 1487 Certa
1006 1423 1198 1487 testimonia
1230 1422 1328 1486 huius

153 1531 321 1594 divisionis
356 1533 490 1596 exstant
522 1531 611 1614 opud
641 1530 854 1594 Cornificium
886 1529 984 1607 (rhei.
1019 1529 1061 1593 ad
1094 1529 1254 1609 Heroon.)
1285 1528 1328 1592 IV

153 1639 254 1715 8,ll:
279 1637 375 1717 ,Sunt
399 1639 497 1718 igitur
521 1638 607 1702 irio
633 1656 816 1717 genero,
847 1656 930 1718 quae
962 1656 1086 1717 genero
1118 1656 1179 1699 nos
1204 1636 1328 1716 figuras

153 1743 373 1826 appellamus
404 1744 436 1807 in
461 1744 582 1825 quibus
608 1744 714 1807 omnis
739 1744 844 1807 oratio
869 1762 935 1806 non
960 1743 1078 1806 vitiosa
1103 1742 1327 1814 consumitur;

153 1871 256 1916 unam
281 1872 470 1933 gravem,
495 1851 636 1915 aiteram
660 1850 938 1925 mediocrem,
969 1850 1103 1914 tertiam
1134 1851 1330 1914 attenuu-

152 1961 240 2023 iam
265 1977 435 2023 vocamus.
467 1960 577 2039 gravis
601 1960 662 2037 cst,
678 1976 764 2039 quae
782 1959 911 2020 consini
930 1977 970 2021 ex
986 1957 1164 2021 verborum
1180 1956 1329 2038 gravium

152 2065 216 2130 levi
252 2067 285 2130 ei
319 2068 439 2129 ornata
469 2063 717 2128 constructione
748 2062 961 2146 [eiectionem
993 2068 1026 2128 et
1057 2064 1330 2147 compositionem

152 2172 310 2256 imprimis
335 2173 491 2255 spectat}
531 2171 767 2234 mediocris
793 2172 859 2250 esi,
892 2191 979 2253 quae
1004 2173 1136 2234 consini
1160 2191 1200 2234 ex
1223 2170 1331 2233 humi-

152 2279 232 2343 liore
265 2299 375 2362 neque
416 2282 529 2343 tomen
567 2299 607 2342 ex
641 2278 754 2341 infimo
780 2279 813 2341 ei
836 2277 1127 2360 pervulgatissima
1150 2278 1329 2341 verborum

152 2386 327 2465 dignitate.¹
370 2387 604 2450 attenuata
643 2386 703 2463 esi,
744 2405 832 2466 quae
871 2385 1015 2449 demissa
1050 2386 1100 2448 esi
1140 2404 1246 2467 usque
1285 2384 1328 2447 ud

153 2493 404 2557 usitatissimum
429 2492 504 2575 puri
529 2492 805 2556 consueiudinem
831 2492 1016 2556 sermonis?
1052 2491 1131 2555 Trio
1147 2510 1231 2555 sane
1249 2492 1330 2555 suni

153 2599 348 2663 elocutionis
388 2619 535 2682 genero,
575 2599 635 2661 sed
669 2618 737 2661 non
772 2601 961 2678 congruunt
997 2619 1073 2663 eum
1109 2598 1328 2681 Dionysianis‚

154 2706 299 2769 medium
324 2706 469 2789 Dionysii
496 2707 545 2769 cst
569 2705 860 2788 perfectissimum,
889 2706 979 2786 quod
1003 2705 1196 2769 Cornificius
1228 2723 1328 2786 grave

151 2813 307 2896 appellat.
355 2812 423 2876 Nec
449 2816 637 2892 congruuni
660 2812 759 2895 piane
785 2832 858 2874 cunr
885 2813 1030 2895 Dionysii
1054 2813 1216 2888 doctrina,
1241 2830 1328 2892 quae

151 2920 300 2983 Cicero
339 2922 423 2984 orat.
449 2919 467 3002 ἓ
494 2921 646 2984 75-100
687 2921 821 3002 copiose
849 2920 901 2982 vdo
941 2920 1119 3000 generibus
1158 2919 1327 3002 disputat:

151 3027 210 3105 ,Αε
234 3026 376 3109 primum
401 3027 634 3091 informandus
659 3031 709 3090 est
733 3026 787 3090 iile
812 3026 919 3105 nobis,
943 3047 1042 3109 quem
1067 3027 1174 3091 solum
1192 3025 1327 3109 quidem

150 3136 274 3198 vocuni
291 3133 439 3198 atticum.
477 3135 572 3197 Sum
581 3154 611 3196 ru
624 3134 738 3196 issus
763 3138 813 3196 esi
832 3136 865 3197 ei
881 3134 1025 3209 humilis,
1051 3132 1325 3197 consueiudinem

151 3241 294 3313 imitans,
330 3241 375 3304 ub
416 3241 580 3304 indisertis
612 3261 647 3303 rc
680 3240 755 3323 pius
790 3260 891 3321 quam
925 3240 1080 3323 opinione
1116 3241 1272 3304 differens
1295 3235 1327 3323 (ἡ

148 3350 223 3433 λιτὴΙ
251 3350 303 3409 καὶ
342 3345 457 3434 ἀφελὴς
500 3349 553 3410 καὶ
596 3347 726 3410 δοκοῦσα
770 3350 958 3430 κατασκευήν
997 3369 1026 3409 τε
1064 3348 1114 3409 καὶ
1151 3343 1236 3432 ἰσχὺν
1274 3349 1326 3429 τὴν

148 3459 223 3539 πρὸς
254 3452 371 3540 ἰδιώτην
404 3453 482 3541 ἔχειν
517 3455 605 3536 λόγον
628 3458 680 3517 καὶ
703 3452 952 3541 operosum)...
977 3455 1072 3537 §elz
1110 3455 1252 3520 Uberius
1276 3456 1327 3519 esi

149 3565 239 3628 uliud
278 3564 519 3647 aliquantoque
558 3563 727 3627 robustius
767 3584 869 3646 quam
907 3564 970 3627 hoc
1005 3562 1141 3638 humile,
1182 3561 1223 3626 de
1261 3582 1326 3645 quo

148 3673 272 3736 dictum
290 3672 351 3742 esi,
375 3670 584 3734 summissius
603 3673 715 3735 nutem
733 3689 834 3751 quam
853 3671 942 3751 iilud,
965 3670 1006 3734 dc
1024 3690 1090 3753 quo
1105 3669 1171 3733 iam
1188 3669 1325 3746 dieeiur,

147 3779 398 3862 amplissimum.
447 3776 516 3841 Hoc
549 3777 582 3840 iu
613 3798 735 3858 genere
770 3798 949 3841 nervorum
982 3777 1034 3841 νε1
1065 3776 1238 3840 minimum
1264 3778 1324 3851 est,

147 3887 319 3951 suavitatis
351 3887 464 3950 autem
495 3887 546 3948 esi
576 3884 766 3968 plurimum.
815 3885 989 3967 ...5972
1023 3884 1156 3948 Tertius
1193 3887 1243 3948 esi
1272 3883 1325 3948 iile

146 3994 286 4077 amplus,
311 3992 475 4073 copiosus
493 3992 615 4076 gravis
640 3993 791 4062 ornatus,
816 3992 848 4055 in
866 4013 932 4074 quo
949 3991 1099 4075 profecto
1116 3992 1164 4055 vis
1182 3993 1326 4055 maxima

147 4104 206 4167 est.
232 4100 297 4165 Sed
315 4098 457 4164 muitum
473 4099 612 4163 interest
629 4097 715 4163 inter·
733 4099 798 4162 lioc
814 4099 944 4162 dicendi
961 4119 1068 4179 gcnus
1086 4101 1119 4163 ei
1140 4100 1324 4181 superiora.

145 4207 207 4284 Qui
230 4207 263 4269 iu
288 4207 342 4271 iilo
366 4205 478 4289 subtili
503 4209 535 4271 et
569 4208 668 4270 acuto
694 4206 889 4275 elaboravit,
921 4209 958 4270 ut
989 4206 1107 4270 collide
1138 4210 1324 4287 arguteque

145 4313 268 4376 diceret
291 4332 354 4376 nec
378 4313 561 4394 quidquam
579 4312 677 4376 altius
699 4313 871 4393 cogitaret,
896 4312 960 4377 hoc
978 4333 1045 4377 uno
1062 4312 1213 4397 perfecto
1231 4332 1325 4393 mog-
