3100 4809
695 183 1020 300 --57--υ

214 382 279 426 nos
304 363 416 427 orator
440 362 500 441 est,
526 361 644 424 sinon
670 362 857 434 nmximos;
882 361 1083 444 minimeque
1107 362 1140 425 in
1165 360 1292 425 lubrico
1316 381 1385 426 ver·

215 471 355 549 semitm,
382 471 425 544 ei,
450 468 476 531 si
506 468 611 532 semel
634 468 828 541 constiterit,
853 488 1025 549 nunquam
1044 468 1151 532 cedet.
1184 469 1310 532 Medios
1333 468 1387 532 iiie

215 598 315 660 quern
347 576 513 640 modicum
545 578 578 639 et
611 577 836 658 temperatum
869 596 962 654 voce,
996 576 1021 638 si
1048 577 1146 638 modo
1176 596 1272 639 suum
1306 575 1386 639 iilud

215 688 294 751 satis
320 684 521 763 instruxerit,
547 703 613 746 non
640 683 825 747 extimescit
842 681 1004 765 ancipites
1028 683 1156 747 dicendi
1177 683 1386 764 incertosque

216 813 332 867 casus3
357 793 454 856 etiam
480 792 507 855 si
524 792 652 871 quanto
675 790 785 852 minos
802 790 968 868 succedet,
993 792 1028 853 nt
1045 810 1147 872 saepe
1164 790 1211 862 m,
1227 809 1387 870 magnum

218 903 331 965 tamen
356 899 538 983 periculum
566 917 632 960 non
658 897 776 970 adibit3
809 896 875 959 alte
908 896 997 960 enim
1028 897 1148 959 cedere
1174 915 1240 958 non
1265 899 1384 979 potest.

216 1009 259 1070 At
284 1026 362 1070 vero
386 1006 439 1069 hic
464 1007 587 1081 noster,
613 1023 714 1084 quem
746 1003 929 1085 principem
953 1002 1117 1085 ponimus
1150 1003 1268 1082 gravio,
1300 1023 1388 1083 acer,

216 1112 349 1190 ardens
374 1114 401 1175 si
426 1113 468 1176 od
493 1113 556 1175 hoc
580 1131 683 1175 unum
709 1112 761 1174 est
791 1112 890 1173 natus
914 1112 971 1172 aut
996 1109 1027 1171 in
1052 1109 1116 1172 hoc
1140 1110 1210 1173 solo
1233 1130 1270 1174 sc
1295 1130 1388 1174 exer-

217 1219 285 1283 cuit
308 1222 367 1283 aut
390 1220 466 1282 huic
491 1219 603 1300 generi
627 1217 738 1281 studet
761 1216 818 1280 uni
849 1236 923 1280 nec
956 1237 1072 1281 sunm
1103 1217 1267 1299 copiam
1300 1236 1385 1281 cum

216 1327 305 1390 iliis
331 1326 501 1389 duobus
531 1324 764 1405 generibus
798 1325 1076 1407 temperavit,
1109 1324 1286 1387 maxime
1322 1327 1387 1389 est

217 1432 594 1499 contemnendus.‘

306 1594 475 1659 Ciceronis
501 1594 586 1658 enim
614 1594 794 1658 secundnm
821 1615 928 1675 genus
953 1593 1094 1658 inaximo
1126 1593 1254 1657 accedit
1278 1593 1319 1656 od
1344 1592 1386 1671 id,

217 1702 305 1782 quod
331 1700 507 1784 Dionysius
524 1701 556 1764 in
575 1702 893 1783 composiiione
910 1703 942 1762 τὸ
958 1700 1109 1786 γλαρυρδν
1131 1701 1282 1775 vocavit3
1307 1701 1385 1763 sub·

216 1809 292 1872 lime
318 1808 409 1890 opud
432 1807 625 1872 Ciceronem
650 1809 735 1872 idem
762 1809 850 1888 quod
869 1808 1015 1890 Dionysii
1033 1808 1186 1871 medinm.
1224 1806 1297 1869 Non
1315 1812 1387 1873 erat

216 1917 315 1997 igitur
340 1916 552 1979 consentiens
577 1916 727 1980 doctrina
760 1916 801 1978 de
826 1916 1004 1996 generibus
1029 1914 1174 1988 dicendi3
1209 1913 1385 1998 Dionysius

217 2023 488 2106 Theophrastum
514 2024 649 2086 secutus
675 2026 736 2087 est.

304 2183 486 2248 Praetereo
538 2203 674 2264 genus
724 2184 982 2249 historicum
1029 2185 1205 2266 agnovisse
1256 2185 1388 2248 videtur

216 2287 372 2375 (ἱστορικὸν
404 2291 542 2373 πλάσμα,
573 2285 719 2373 ἱστορικὸς
749 2293 932 2376 χαρακτήρ).
980 2292 1081 2374 Epist.
1114 2293 1157 2355 nd
1182 2292 1239 2356 Cn.
1266 2291 1383 2374 Pomp.

216 2419 243 2464 e.
269 2400 346 2471 43:
367 2394 485 2482 ’Ὕψος
515 2420 552 2459 τε
584 2401 653 2460 καί
682 2400 831 2469 κάλλος
853 2402 920 2461 καί
950 2401 1299 2482 μεγαλοπρέπειαν
1322 2401 1388 2461 καὶ

214 2508 254 2568 τὸ
288 2503 501 2590 λεγόμενον
539 2502 652 2576 ἰδίως
692 2506 850 2591 πλάσμα
886 2502 1088 2589 ἱστορικὸν
1122 2503 1282 2589 Ἡρόδοτος
1314 2505 1388 2591 ἔχει.

215 2612 354 2678 Planius
379 2612 547 2677 archaeol.
570 2632 652 2678 rom.
676 2612 696 2676 1.
722 2615 734 2677 1
757 2634 783 2678 ο.
802 2616 839 2678 8:
871 2624 977 2699 σχῆμα
1000 2613 1032 2675 δὲ
1062 2609 1225 2698 ἀποδίδωμι
1248 2623 1284 2697 τῇ
1313 2635 1388 2697 πρα-

215 2715 338 2803 γματεία
354 2716 422 2782 οὔθ’
440 2716 539 2782 ὁποῖον
563 2715 589 2781 οἱ
606 2721 673 2792 τοὺς
688 2721 836 2804 πολέμους
852 2718 1072 2804 αναγράψαντες
1095 2719 1301 2782 ἀποδεδώκασι
1324 2731 1389 2794 ταῖς
1464 2763 1469 2772 -

213 2821 352 2909 ἱστορίαις
381 2822 451 2888 οὔδ’
476 2822 574 2888 ὁποῖον
598 2823 625 2889 οἱ
655 2830 707 2900 τάς
730 2829 875 2898 πολιτείας
899 2823 991 2899 αι’)τάς
1014 2825 1059 2890 ἐτ’
1082 2824 1191 2889 ἑαυτών
1214 2827 1388 2913 διηγησάμε-

216 2954 268 3013 νοι,
293 2930 358 2996 οὔτε
383 2942 445 3005 ταῖς
468 2943 623 3018 χρονικαῖς
646 2936 861 3020 παραπλήσιον,
887 2935 924 3006 ἃς
948 2932 1093 3005 ἐξέδωκαν
1116 2930 1143 2996 οἱ
1167 2937 1219 3005 τάς
1244 2932 1391 3008 Ἀτθίδας

214 3038 500 3125 πραγματευόμενοι·
526 3040 685 3125 μονοειδεῖς
707 3045 763 3124 γάρ
787 3039 895 3104 ἐκεῖναί
926 3064 955 3103 τε
979 3045 1031 3104 καί
1053 3044 1131 3126 ταχυ
1161 3046 1387 3127 προσιστάμεναι

213 3156 273 3219 τοῖς
296 3144 467 3210 άκοώουσιν·
484 3146 558 3210 αλλλ
570 3145 600 3219 ἐξ
616 3145 736 3234 ἁπάσης
749 3145 833 3221 ἰδίας
848 3154 958 3233 μικτόν,
983 3146 1139 3229 ἐναγωνίου
1155 3151 1251 3211 τεκαὶ
1267 3149 1388 3234 θεωρη-

213 3264 307 3340 τικῆς,
327 3250 377 3316 ἵνα
399 3257 451 3317 καὶ
475 3264 534 3326 τοῖς
557 3259 622 3338 περί
645 3258 713 3327 τοὺς
734 3258 902 3328 πολιτικοὺς
924 3256 1100 3339 διατρίβουσι
1122 3257 1231 3338 λόγους
1252 3258 1305 3319 καὶ
1327 3264 1388 3327 τοῖς

213 3365 279 3444 περί
301 3365 352 3447 τὴν
368 3358 527 3449 μιλόσογον
544 3359 741 3425 ἐσπουδακόσι
761 3363 891 3446 θεωρίαν
914 3367 965 3426 καί
989 3362 1016 3425 εἴ
1029 3386 1098 3426 ασιν
1114 3362 1267 3449 ἀοχλήτου
1291 3359 1388 3447 δεήσει

213 3466 361 3555 διαγωγῆς
389 3465 418 3531 ἐν
441 3466 597 3553 ἱστορικοῖς
626 3469 848 3555 ἀναγνώσμασιν
878 3468 1078 3555 ἀποχρώντως
1106 3471 1220 3556 ἔχουσα
1243 3475 1387 3557 μαίνηται.

215 3578 281 3641 Sed
305 3578 389 3641 hoec
414 3579 518 3659 inagis
543 3580 584 3642 od
610 3580 812 3661 πραγματικὸν
836 3573 922 3639 τάπον
945 3580 1122 3661 pertinent.
1157 3578 1386 3642 Eiocntionenr

214 3685 373 3768 imprimis
398 3688 552 3768 spectant
577 3705 662 3766 (tuae
693 3685 734 3749 de
759 3685 954 3769 Thucydide
979 3687 1078 3751 tradit
1103 3688 1156 3762 (de
1186 3685 1293 3749 Thuc.
1318 3686 1384 3752 iud.

213 3811 241 3856 e.
267 3794 308 3855 ‘24
332 3813 364 3874 p.
390 3793 453 3857 8116
478 3792 550 3870 R.):
572 3788 645 3852 ἰ’διόν
668 3813 728 3853 τινα
751 3802 932 3878 χαρακτῆρα
961 3794 1012 3854 καὶ
1036 3795 1267 3876 περιεωραμένον
1296 3789 1387 3853 ἅπασι

211 3907 327 3981 πρώτος
357 3894 398 3970 εἰς
429 3901 480 3982 τὴν
507 3894 655 3983 ἱστορικὴν
683 3895 883 3982 πραγματείαν
914 3897 1093 3961 ἐσποώδασεν
1123 3895 1300 3980 εἰσαγαγεῖν·
1340 3894 1387 3960 ἐπὶ

213 4008 264 4090 μὲν
287 4015 340 4091 τῆς
364 4002 491 4091 ἐκλογῆς
513 4015 568 4066 τών
592 4002 740 4089 ὀνομάτων
764 4009 815 4090 τὴν
832 4009 970 4090 τροπικὴν
995 4010 1056 4074 etc.
1076 4057 1083 4071 .
1109 4056 1116 4069 .
1143 4059 1150 4070 .
1176 4059 1182 4072 .
1208 4003 1255 4067 ἐπὶ
1277 4005 1310 4066 δὲ
1333 4015 1386 4089 τῆς

212 4111 389 4183 συνδέσεως
409 4115 472 4177 etc.
489 4115 653 4177 vehcens,
670 4134 702 4195 p.
717 4114 781 4177 4213
800 4114 829 4176 11
847 4112 1062 4196 (Xenophon)
1084 4110 1177 4195 ώψους
1188 4111 1220 4173 δὲ
1236 4113 1287 4173 καί
1299 4133 1385 4196 μεγα·

211 4220 389 4301 λοπρεπείας
404 4219 542 4282 καθόλου
558 4217 610 4288 <δὲ
622 4217 656 4288 P>
670 4228 720 4281 που
736 4215 880 4302 ἱστορικοί
891 4221 1066 4307 πλάσματος
1077 4221 1162 4304 (cod.
1175 4219 1243 4289 Pv,
1255 4218 1386 4283 Usener

211 4325 231 4392 1.
255 4326 277 4392 1.
301 4347 332 4409 p.
361 4327 414 4406 12)
437 4322 492 4389 οὐκ
514 4322 664 4412 ἐπέτυχεν.
