3100 4809
655 238 871 302 ..10-

172 415 415 482 nuntiationem
440 436 573 499 quoquo
605 415 656 479 vel
679 416 858 498 plurimum
890 437 931 480 ex
961 435 1001 479 eo
1032 417 1176 481 mutuari
1206 407 1343 500 pulem‘.

174 524 222 589 Ex
238 525 355 589 eodem
368 523 563 603 Quintiliani
580 524 651 587 loco
663 524 719 599 (ill
730 526 799 601 3,9)
812 524 1055 605 Hermagoram
1068 544 1136 588 non
1150 525 1344 605 inventioni,

172 631 232 696 sed
255 631 469 696 oeconomiae
485 631 639 694 iudicium
658 631 725 696 sive
743 631 842 695 crisin
867 631 1048 696 subiecisse
1071 634 1160 695 recte
1185 632 1345 697 conclusit

172 738 347 804 Slriller
363 740 404 803 de
422 739 607 803 Stoicorum
624 740 741 803 studiis
758 740 842 806 rhet.
859 761 890 822 p.
910 741 962 806 39,
989 742 1077 804 errat
1101 741 1225 815 aulem,
1252 739 1341 820 quod

173 832 365 928 Dionysium
389 845 476 909 idem
500 836 658 910 slaluissc
689 847 837 911 adnotat.
884 844 947 924 Qui
979 847 1045 912 sint
1075 846 1119 910 illi
1144 844 1340 924 Quintiliani

171 953 327 1035 ‚quidam‘
341 973 544 1036 quamquam
558 953 737 1020 nescimus,
753 956 879 1023 tamen,
897 974 972 1017 cum
985 954 1176 1019 Ciceronem
1190 953 1343 1017 doctores

170 1080 307 1141 graecos
325 1062 475 1124 secutum
502 1080 574 1124 esse
592 1062 732 1137 constet,
757 1060 847 1126 illam
870 1081 1003 1144 quoque
1020 1061 1216 1125 divisionem
1240 1079 1342 1142 supra

169 1165 364 1250 Dionysium
389 1166 496 1230 redire
520 1170 688 1250 procerte
712 1168 799 1232 duco
823 1170 856 1232 et
880 1169 913 1231 ni
930 1167 1026 1232 lallor
1042 1168 1211 1233 Ciceronis
1236 1167 1341 1231 verba

170 1272 212 1337 dc
242 1275 330 1357 part.
361 1294 408 1338 or.
441 1273 459 1355 ἓ
486 1276 565 1339 139ι
605 1274 794 1358 ‚Expositae
825 1276 882 1339 tibi
917 1296 1032 1339 omnes
1064 1277 1143 1339 sunl
1176 1275 1342 1339 oratoriae

171 1372 380 1464 parumnes,
405 1400 492 1463 quae
517 1381 650 1463 quidem
676 1382 821 1447 emedio
844 1382 900 1447 illa
925 1386 1040 1448 nostra
1057 1383 1234 1447 Academia
1251 1382 1344 1446 etilo-

170 1489 320 1551 ruerunl‘
344 1487 423 1550 sunt
446 1487 512 1551 huc
536 1507 669 1570 quoque
694 1490 881 1557 referenda.

169 1663 173 1668 .
256 1610 321 1675 Sed
345 1610 410 1676 iarn
433 1611 474 1674 de
499 1611 688 1677 inventione
712 1613 796 1696 ipsa.
828 1613 953 1679 Eadem
977 1615 1046 1680 fere
1063 1614 1238 1680 intercedit
1254 1614 1340 1678 ratio

166 1717 253 1782 inler
269 1737 379 1782 rerum
396 1716 622 1784 inventionem
640 1722 673 1784 et
689 1721 931 1789 oeconomiam.
955 1743 1041 1805 quae
1066 1722 1153 1787 inter
1175 1722 1340 1785 delectum

166 1824 345 1888 verborum
385 1827 417 1890 et
458 1826 751 1909 compositionem3
792 1824 937 1908 ,ἐκλέγειι
969 1829 1047 1894 dicit
1077 1829 1119 1892 de
1150 1827 1341 1893 inveniendi

167 1951 270 2027 opera
294 1930 470 2017 Dionysius
502 1933 542 1999 de
567 1931 642 2018 Lys.
674 1935 740 1999 iud.
766 1955 793 2003 c.
813 1938 865 2000 15.
889 1923 929 2000 cl.
954 1935 1091 2002 Cic.l.l.
1117 1958 1149 2019 p.
1167 1938 1198 2001 6.
1235 1937 1340 2000 Locu-

166 2025 368 2121 pletissimus
392 2040 540 2123 Dionysii
571 2041 612 2104 de
642 2042 834 2107 inventione
863 2042 955 2106 locus
980 2046 1030 2108 est
1054 2044 1095 2108 de
1120 2044 1194 2128 Lys.
1219 2044 1286 2109 iud.
1311 2064 1338 2109 c.

168 2146 208 2211 15
232 2167 264 2230 p.
289 2147 353 2211 486
377 2147 424 2211 R:
455 2142 604 2231 εὑρετικὸς
632 2151 689 2231 γάρ
719 2146 777 2210 ἐστι
804 2144 860 2210 τῶν
890 2145 920 2212 ἐν
949 2159 1010 2222 τοῖς
1032 2154 1198 2235 πράγμασιν
1222 2147 1340 2213 ἐνόντων

164 2248 260 2333 λόγων
276 2249 292 2315 ὁ
308 2249 382 2337 ἀνήρ
400 2254 553 2338 (Lysias),
574 2239 608 2317 oi)
625 2253 712 2339 μόνον
729 2252 768 2317 ὧν
784 2253 909 2329 ἅπαντες
932 2253 1063 2341 εὕροιμεν
1085 2255 1167 2336 (to,
1192 2256 1271 2321 ἀλλὰ
1288 2258 1340 2318 καί

165 2355 205 2420 ὧν
220 2362 346 2446 μηθείς·
371 2357 452 2424 οὐδὲν
475 2365 532 2445 γὰρ
556 2359 659 2434 ἁπλῶς
682 2360 799 2435 Λυσίας
820 2363 995 2446 παραλείπει
1017 2374 1085 2426 τῶν
1107 2368 1338 2450 στοιχείων,

166 2462 263 2542 didm
289 2464 492 2552 dpoloysili),
525 2464 558 2532 od
585 2473 621 2533 τὰ
651 2473 858 2553 πρόσωπα,
891 2466 925 2533 οὔ
957 2474 992 2534 τὰ
1024 2477 1251 2556 πράγματα,
1283 2467 1339 2534 οὐκ

166 2569 1337 2663 αὖτοίςτὰςπροίξεις,οὒτρόποοςκαὶαὶτίαςαοτῶν,οοκαιροὸς,

165 2676 199 2743 od
222 2678 415 2767 χρόνους,
449 2678 482 2747 οὗ
513 2688 675 2760 τόποος,
707 2681 741 2747 οὐ
771 2689 825 2756 τὰς
854 2682 980 2748 ἑκάστου
1010 2689 1117 2750 τοὺτιον
1145 2686 1339 2773 διαφορὰς

164 2786 238 2874 ἄχρι
261 2799 314 2876 τῆς
335 2786 377 2866 εἷς
400 2786 556 2875 ἐλάχιστον
584 2802 685 2878 τομῆς,
710 2789 779 2855 ἀλλ’
805 2790 835 2865 ἐξ
858 2790 980 2879 ἁπάσης
1001 2796 1133 2878 θεωρίας
1155 2790 1206 2856 καὶ
1229 2796 1339 2865 παντὸς

165 2905 308 2981 ρερισροῠ
331 2900 385 2970 τὰς
409 2894 521 2970 οἰκείας
543 2896 683 2984 ἀρορρὰς
707 2896 830 2979 ἐκλέγει.
867 2901 931 2965 Sed
956 2921 1067 2985 neque
1092 2903 1171 2966 satis
1196 2901 1336 2965 dilucide

164 3002 297 3082 indicat,
322 3024 402 3068 num
426 3004 506 3069 haec
522 3006 556 3069 in
573 3008 684 3071 omnia
700 3027 825 3087 genera
842 3027 1018 3071 causarum
1037 3009 1155 3073 cadere
1172 3008 1335 3087 statuerit,

165 3129 275 3192 neque
308 3112 524 3194 copiosiorem
563 3113 769 3195 singularum
809 3114 955 3197 partium
998 3116 1184 3180 doctrinam
1223 3115 1335 3178 tradit.

164 3215 216 3281 Nil
241 3217 315 3282 novi
340 3217 534 3300 Dionysium
557 3218 622 3283 lrac
645 3220 678 3283 in
702 3223 797 3303 parte
821 3221 999 3304 protulisse
1030 3222 1083 3285 vix
1113 3224 1173 3286 est·
1195 3241 1253 3285 cur
1284 3241 1336 3285 ar·

164 3326 330 3405 gumentis
369 3326 592 3408 comprobem.
647 3327 787 3392 Exstant
824 3329 1010 3392 Aristotelis
1049 3329 1262 3393 acutissimae
1301 3332 1335 3393 et

165 3431 412 3515 copiosissimae
444 3433 659 3514 quaestiones
690 3430 735 3506 ,ἐκ
766 3438 849 3496 τίνων
879 3431 909 3496 αἱ
939 3438 1047 3507 πίστεις
1076 3433 1214 3516 ἔσονται,
1254 3436 1335 3500 satis

165 3541 321 3604 accurate
346 3559 416 3604 rem
441 3542 563 3605 tractat
577 3540 772 3605 Cornificius
797 3543 894 3623 (rhet.
921 3543 963 3607 ad
986 3543 1133 3607 Herenn.
1150 3544 1178 3607 Il
1202 3547 1336 3626 3sqq.l,

163 3646 278 3712 Cicero
301 3645 335 3709 in
367 3647 482 3730 topicis
513 3648 667 3712 tenuiora
699 3649 831 3731 quidem
862 3671 962 3732 quarn
995 3653 1166 3733 exspectes
1198 3651 1335 3733 profert,

162 3753 313 3836 pleniora
338 3735 451 3817 tamen
476 3774 577 3836 quani
602 3756 656 3819 illa
678 3755 894 3839 Dionysiana.

252 3878 299 3942 De
324 3878 473 3943 iudicio
498 3879 579 3942 nilril
603 3881 713 3944 habeo
730 3881 820 3963 quod
844 3882 967 3946 addam
991 3882 1069 3946 locis
1095 3903 1197 3966 supra
1214 3883 1334 3948 allalis.

721 4043 760 4107 Il.

593 4149 648 4215 De
672 4151 907 4216 oeconomia.

251 4271 476 4336 Occonorniae
494 4292 578 4354 quas
602 4273 779 4338 subiecerit
799 4271 914 4358 'partes
937 4276 1114 4360 Dionysius
1139 4278 1218 4341 salis
1242 4277 1336 4341 lucu-

161 4376 268 4443 lenter
292 4377 389 4442 docel
412 4378 453 4442 de
477 4377 629 4464 Thucyd.
661 4381 727 4447 iud.
752 4401 779 4447 c.
805 4384 824 4446 9
850 4404 881 4466 p.
895 4384 958 4449 825
989 4384 1015 4448 Β
1040 4404 1108 4467 sq.:
1138 4379 1180 4449 “A
1204 4383 1230 4448 δ’
1255 4380 1335 4450 ἐλλι-
