3100 4809
707 267 904 329 ...5-

308 441 535 523 Hermagorae
567 443 794 508 definitionem
823 444 1018 526 Dionysium
1050 443 1207 526 imprimis
1238 443 1394 507 secutum

220 569 294 613 esse
307 548 404 614 facile
418 550 650 630 intellegimus,
668 552 827 633 qnoniam
839 552 870 615 et
882 551 954 633 ipse
967 547 1154 614 Aristotelis
1168 548 1395 614 definitionem

219 656 468 736 angustioribus
493 658 750 741 circumscripsit
773 657 914 723 finibus:
947 653 986 728 ,ἐν
1001 645 1158 741 ’πράγματι
1181 656 1328 737 πολιτικτρ“
1362 659 1395 719 el

219 762 405 828 rhetoricae
428 765 527 827 tinem
552 760 660 844 (τέλος)
685 784 759 828 esse
784 765 886 829 voluit
910 766 943 826 τὸ
967 760 998 826 ei
1022 762 1127 843 λέγειν,
1168 762 1254 840 Quid
1279 767 1393 827 autern

220 871 272 933 est
308 880 430 954 πρᾶγμα
469 870 644 934 πολιτικόνῖ)
684 871 774 935 Idem
810 892 885 935 esse
917 871 1014 954 putes
1047 870 1134 953 quod
1166 870 1393 950 Hermagorae

219 976 374 1049 ‚colunto
406 979 542 1063 ζήττγμα.ί
589 977 659 1041 Hoc
694 998 776 1042 num
800 977 1115 1057 Volkmannu5‚
1149 977 1208 1040 Die
1232 975 1395 1039 Rhetorilr

219 1082 278 1145 der
302 1082 467 1147 Griechen
492 1085 562 1147 und
587 1083 726 1148 llitmer2
750 1107 781 1168 p.
802 1087 842 1150 13
867 1106 908 1149 ox
930 1065 1108 1167 Augustini
1131 1081 1394 1164 (demetet.)

220 1187 363 1271 verbis*)
387 1192 477 1253 recle
502 1191 740 1274 interpretatus
765 1192 817 1272 sil,
842 1193 939 1257 valde
963 1192 1095 1267 dubit03
1119 1189 1265 1272 Dionysii
1290 1189 1393 1252 verbo

220 1295 335 1377 ulique
367 1296 619 1379 interpretanda
655 1301 736 1381 puto
760 1301 794 1363 et
818 1320 858 1364 ex
882 1299 953 1363 aliis
983 1298 1074 1376 locis
1109 1297 1228 1380 quibus
1252 1282 1394 1378 usurpat

219 1401 420 1466 vocabulum
444 1404 592 1467 πολιτικόν
620 1442 654 1451 -
682 1408 773 1471 velut
798 1407 839 1470 de
864 1428 970 1490 comp.
994 1428 1027 1490 p.
1045 1407 1086 1470 72
1111 1406 1144 1469 et
1170 1406 1232 1469 136
1256 1403 1333 1468 Sch.
1352 1439 1391 1446 —

205 1510 253 1572 et
277 1529 317 1573 ex
340 1509 529 1575 delinitione
562 1512 642 1576 artis
674 1514 840 1577 oratoriae
875 1512 1039 1577 Cornificii
1070 1532 1172 1595 supra
1198 1511 1309 1588 allata,
1341 1508 1393 1573 cui

220 1614 385 1681 simillima
419 1621 470 1681 est
500 1619 720 1702 Dionysiana:
753 1619 1047 1703 quaeresad
1080 1638 1197 1682 usum
1223 1616 1394 1681 civilem

220 1726 408 1788 moribus
441 1745 491 1789 ac
520 1725 692 1806 legibus
732 1729 1001 1792 constitutae
1041 1728 1142 1790 sunt
1170 1719 1393 1807 :upoiypm

219 1830 364 1897 πολιτικά.
389 1833 430 1898 cf.
455 1832 520 1897 Cic.
545 1833 586 1896 de
610 1834 675 1898 inv,
699 1835 714 1902 Ι
738 1836 767 1914 5,
785 1836 815 1900 6.

600 1994 790 2059 Partitio
815 1995 1018 2060 oratoria.

310 2118 425 2181 Omnis
450 2121 563 2182 aulem
589 2139 643 2182 ars
673 2120 819 2184 oratoria
836 2120 990 2184 dividitur
1005 2121 1039 2184 in
1055 2120 1283 2203 partes'duas
1309 2137 1391 2200 qua-

220 2245 294 2288 rum
318 2225 424 2290 altera
449 2229 499 2290 est
522 2228 564 2291 de
587 2228 699 2307 rebus
724 2226 829 2292 altera
855 2228 896 2292 de
920 2227 1030 2291 verbis
1051 2227 1120 2290 sive
1137 2226 1178 2290 de
1195 2227 1391 2292 elocutione.

220 2332 294 2408 Qua
307 2335 350 2399 de
367 2335 528 2399 divisione
545 2335 680 2419 Dionys,
698 2336 739 2398 de
757 2355 863 2418 comp.
881 2334 972 2399 verb.
991 2357 1021 2418 p.
1040 2337 1059 2399 8
1077 2334 1154 2399 Sch.
1172 2335 1258 2398 haec
1274 2333 1391 2401 tradit:
1411 2371 1431 2390 υ

218 2436 324 2526 curcy<
346 2445 401 2524 γὰρ
425 2438 517 2527 οὔσης
540 2440 697 2527 ἀσκήσεως
719 2444 785 2526 περὶ
807 2446 919 2513 πάντας
941 2438 983 2513 ὡς
1005 2437 1092 2503 εἰπεῖν
1112 2442 1180 2512 τοὺς
1195 2437 1312 2523 λόγους,
1337 2451 1391 2527 τῆς
1426 2482 1428 2484 ·

218 2551 283 2631 περὶ
312 2551 348 2611 τά
381 2554 561 2634 νοήματα
594 2555 646 2612 καὶ
673 2560 727 2636 τῆς
756 2552 822 2632 περὶ
852 2552 888 2611 τά
919 2545 1102 2634 ὀνόματα·
1133 2545 1173 2610 ὢν
1205 2545 1225 2634 ἡ
1253 2552 1305 2634 μὲν
1329 2557 1390 2610 τοο

218 2666 495 2741 πραγματικοῦ
520 2648 632 2720 τόποι)
663 2657 776 2741 μᾶλλον
807 2655 992 2744 ἐφάπτεσθαι
1015 2656 1120 2728 δόξειεν
1143 2655 1195 2739 ἄν,
1227 2653 1247 2742 ἡ
1271 2655 1304 2718 δὲ
1327 2665 1390 2718 τοῦ

218 2761 406 2841 λεκτικοῦ
433 2765 517 2847 κτλ,
549 2766 636 2829 idern
667 2767 707 2829 de
737 2766 852 2830 admir.
877 2747 973 2831 Demi
994 2765 1025 2829 vi
1049 2785 1076 2831 c.
1101 2768 1139 2831 51
1173 2788 1203 2848 p.
1223 2766 1307 2830 1112
1331 2765 1389 2827 R:

222 2867 452 2955 Ενθομοόμενος
482 2870 507 2931 δ’
534 2869 578 2933 ὅτι
607 2880 658 2934 τοῦ
689 2874 783 2951 λέγειν
814 2868 846 2934 εὖ
877 2871 956 2957 διττὴ
986 2868 1006 2957 ly
1037 2868 1175 2955 διαίρεσίς
1199 2867 1272 2933 ἐστιν
1295 2868 1337 2941 εἴς
1361 2892 1389 2932 τε

217 2980 265 3039 τὸν
288 2974 558 3063 πραγματικὸν
581 2977 722 3061 τρόπον
746 2975 795 3041 καί
820 2978 862 3051 εἷς
884 2982 932 3041 τὸν
955 2979 1153 3053 λεκτικόν,
1182 2978 1325 3060 denique
1349 2978 1389 3041 de

218 3084 316 3168 Lysia
340 3086 405 3150 iud.
431 3106 458 3150 c.
485 3090 514 3151 5.
539 3108 571 3169 p.
589 3088 653 3151 loa
677 3087 724 3150 R:
756 3089 809 3148 καὶ
841 3082 896 3149 οὐκ
928 3082 975 3147 ἐπὶ
1003 3088 1055 3171 μὲν
1077 3095 1131 3168 τῆς
1153 3079 1308 3170 ἑρμηνείας
1331 3105 1389 3145 τοι-

217 3195 303 3263 οῦτός
326 3188 408 3270 ἐστιν,
434 3189 464 3255 ἐν
488 3191 519 3254 δὲ
543 3202 603 3264 τοῖς
625 3189 794 3278 πράγμασιν
818 3191 943 3276 ἄκαιρός
967 3214 1008 3263 τις
1031 3194 1082 3253 καὶ
1105 3196 1230 3276 μακρός.

306 3299 415 3382 Atque
440 3296 456 3361 ὁ
478 3302 682 3384 πραγματικὸς
703 3295 794 3370 τόπος
817 3301 850 3364 et
873 3301 944 3384 ipse
968 3300 1053 3363 duas
1076 3300 1189 3382 partes
1206 3299 1309 3361 habet
1333 3293 1388 3359 εὖ·

218 3427 321 3490 ρεοιν
359 3407 572 3491 (παρασκευήν,
603 3407 844 3484 inventionem)
876 3410 909 3471 el
940 3402 1239 3489 οἱκονομὶαν**).
1287 3404 1387 3469 Cuius

217 3515 403 3597 partitionis
434 3515 528 3579 testis
560 3517 610 3578 esl
641 3515 682 3578 de
706 3515 799 3579 Dem.
825 3515 917 3578 locus
942 3513 983 3596 (c.
1011 3516 1065 3589 51)
1089 3512 1188 3576 modo
1212 3511 1386 3576 laudatus:

216 3623 268 3683 καὶ
299 3622 405 3683 τοὺτων
434 3618 518 3684 πάλιν
546 3620 720 3707 άμροτὲρων
748 3618 791 3692 εἷς
812 3625 865 3693 τάς
886 3619 955 3692 ἴσας
984 3619 1188 3702 διαιρεθέντων
1210 3622 1312 3702 τομάς,
1338 3628 1387 3680 τοῦ

214 3736 419 3810 πραγματικοῦ
438 3730 490 3811 μὲν
510 3726 552 3800 εἴς
563 3748 593 3788 τε
611 3731 662 3812 τὴν
674 3729 875 3812 παρασκεοήν,
890 3726 926 3811 ἣν
944 3722 979 3789 οἱ
994 3726 1157 3789 παλαιοὶ
1173 3724 1311 3788 καλοῦσιν
1327 3721 1387 3787 εὖ·

217 3858 283 3921 ρτο
293 3856 339 3916 ιν,
363 3836 414 3896 καὶ
431 3830 472 3906 εἰς
487 3838 538 3919 τὴν
561 3844 666 3921 χρῆσιν
682 3844 737 3896 τῶν
753 3837 1048 3919 παρεσκευασμένον,
1072 3832 1108 3917 ἢν
1123 3829 1388 3915 προσαγορεύουσιν

217 3940 472 4027 οἰκονομίαν,
496 3950 545 4004 τοῦ
568 3942 704 4004 λεκτικοῦ
729 3941 761 4004 δὲ
789 3937 832 4012 εἰς
854 3937 944 4010 <reto
966 3944 1017 4027 τὴν
1041 3938 1212 4025 ἐκλογὴν
1242 3949 1297 4000 τῶν
1321 3936 1387 4001 ὀνο-

306 4141 331 4208 *)
353 4143 438 4206 „Sunt
457 4148 548 4196 autern
568 4141 659 4216 civiles
674 4141 856 4209 quaestiones,
877 4157 992 4209 quarum
1007 4139 1159 4209 perspectio
1173 4138 1200 4191 in
1213 4154 1383 4191 communem

216 4231 300 4284 animi
319 4231 523 4299 conceptionem
542 4235 632 4300 potest
651 4231 756 4293 cadere,
776 4231 850 4299 quod
869 4229 965 4284 Graeci
983 4229 1067 4300 κοινὴν
1085 4227 1176 4281 ἔννοιαν
1194 4229 1316 4282 vocant.“

307 4321 349 4388 **)
367 4320 458 4386 Quint.
473 4320 508 4372 lll
521 4320 576 4388 3‚9:
597 4320 755 4373 oeconomia
768 4337 863 4388 graece
875 4321 1011 4390 appellata
1029 4336 1062 4374 ex
1075 4336 1139 4373 cura
1153 4334 1243 4372 rerum
1257 4316 1382 4370 domesti-

215 4427 308 4465 carum
327 4409 417 4465 ethic
436 4426 483 4480 per
502 4409 663 4464 abusionem
682 4409 772 4479 posita
791 4410 900 4464 nomine
918 4410 1004 4463 latino
1023 4413 1104 4463 caret.
