3100 4809
204 794 320 861 Unde
358 796 560 881 Dionysii
598 795 1016 862 Halicarnassensis
1057 796 1109 861 de
1148 798 1381 863 veteribus

346 903 641 988 scriptoribus
666 902 855 980 iudicia*)
881 903 968 968 sint
992 904 1241 985 repetenda.

432 1012 509 1094 (περί
533 1005 669 1096 ἀρχαίων
693 1012 762 1075 sive
787 1012 930 1094 περὶτῶν
953 1007 1148 1096 ἀρχαίων**),

294 1151 367 1217 Non
392 1154 534 1218 multum
558 1155 749 1237 proticimus
773 1154 870 1218 nudis
895 1153 1083 1238 praeceptis
1108 1153 1189 1217 artis
1213 1155 1379 1221 oratoriae

206 1260 267 1323 nisi
292 1262 449 1345 exemplis
467 1261 685 1335 illustrantur,
709 1261 831 1344 quibus
849 1282 904 1325 ars
920 1261 992 1345 ipsa
1009 1263 1088 1325 nata
1113 1261 1163 1325 est
1179 1262 1212 1326 et
1229 1261 1381 1343 alta***).

206 1367 247 1433 Et
271 1371 469 1452 spectabant
492 1372 624 1434 veteres
640 1370 793 1434 rhetores
810 1369 842 1433 id
859 1367 1028 1452 imprimis,
1055 1369 1092 1432 ul
1108 1367 1381 1434 adulescentibus

206 1478 277 1540 arte
302 1477 449 1542 oratoria
473 1477 688 1542 instituendis
722 1477 873 1559 integrae
905 1476 1073 1541 orationes
1106 1478 1164 1540 aut
1193 1480 1306 1560 partes
1339 1478 1382 1542 ab

204 1584 336 1667 optimis
360 1585 576 1671 scriptoribus
600 1586 756 1667 sumptae
781 1585 1049 1667 proponerentur
1073 1583 1264 1664 imitandae,
1294 1584 1383 1667 quod

203 1690 271 1759 iam
294 1693 466 1778 Antiphon
490 1693 523 1756 in
541 1694 612 1758 arte
636 1692 754 1756 iecisse
773 1691 916 1755 traditur
950 1694 994 1771 (r.
1018 1690 1164 1774 Spengel
1181 1691 1251 1756 Art.
1269 1691 1381 1775 script.

206 1825 236 1887 p.
264 1804 325 1867 105
349 1803 424 1885 στρ).

297 1909 475 1991 Dionysius
500 1908 643 1972 eandem
667 1908 755 1971 viam
786 1907 956 1989 ingressus
982 1907 1168 1992 composuit
1197 1907 1297 1971 libros
1320 1904 1387 1991 περί

204 2026 260 2077 τῶν
284 2011 428 2100 ἀρχαίων,
452 2016 494 2079 de
518 2013 707 2096 praecipuis
731 2014 920 2078 oratoribus
947 2016 979 2079 et
1003 2035 1115 2079 rerum
1146 2014 1384 2098 scriptoribus;

205 2123 247 2186 de
272 2121 478 2205 Thucydide,
504 2121 545 2184 dc
569 2119 717 2185 Platonis
742 2119 942 2196 elocutione,
973 2121 1014 2185 de
1038 2120 1263 2186 Demosthene
1295 2121 1385 2187 aliis·

205 2248 271 2312 que
294 2227 520 2312 peculiaribus
543 2226 660 2293 libellis
684 2226 866 2314 disputavit
890 2229 947 2292 aut
977 2227 1227 2311 disputaturum
1250 2250 1286 2294 se
1309 2248 1383 2293 csse

204 2337 365 2421 promisit.
412 2336 483 2400 Hoc
507 2355 612 2400 unum
637 2336 802 2419 spectant,
835 2334 862 2398 si
886 2334 962 2417 quid
988 2335 1095 2414 video,
1127 2336 1214 2400 hacc
1239 2335 1405 2419 Dionysii

205 2465 318 2528 opera,
343 2447 381 2509 ut
396 2443 585 2526 ostendant,
603 2462 691 2525 quae
708 2443 742 2506 in
758 2442 820 2506 illis
838 2441 1055 2525 scriptoribus
1072 2443 1173 2524 digna
1193 2444 1269 2521 sint,
1295 2462 1392 2525 quae-

204 2553 374 2617 imitentur
397 2551 631 2616 adulescentes
655 2549 735 2615 artis
759 2549 925 2615 oratoriae
950 2549 1100 2615 studiosi.
1138 2550 1289 2615 Eandem
1312 2550 1385 2614 fere

205 2652 1386 2743 fuisseDionysiilibrorumdeimitatione(raptpipiosorlindolemetper

205 2788 241 2832 se
266 2767 530 2832 consentancum
546 2767 596 2830 est
621 2766 654 2830 et
678 2783 764 2847 quac
788 2764 921 2829 exstant
944 2764 1106 2846 reliquiae
1131 2765 1298 2831 evincunt.
1333 2764 1381 2829 De

205 2873 341 2939 consilio
364 2873 463 2937 huius
497 2871 607 2957 operis
637 2871 709 2955 ipse
740 2871 812 2937 init.
846 2871 887 2936 de
926 2869 1077 2955 Tlrucyd.
1109 2872 1175 2939 iud.
1208 2894 1240 2955 p.
1266 2871 1385 2937 810R

203 2976 286 3045 haec
302 2980 396 3044 dicit:
419 2975 469 3041 Ἐν
485 2988 544 3051 τοῖς
565 2977 772 3061 προεκδοθεῖσι
794 2979 875 3062 περὶ
890 2988 954 3064 τῆς
968 2983 1160 3064 μιμήσεως
1182 2974 1384 3065 ὑπομνηματι-

203 3098 290 3174 σμοῖς
313 3085 519 3174 ἐπεληλυθὼς,
543 3084 595 3158 οὒς
617 3080 821 3169 ὑπελάμβανον
845 3081 1089 3172 ἐπιφανεστάτους
1113 3081 1185 3148 εἶναι
1207 3090 1331 3172 ποιητάς
1357 3109 1387 3149 τε

205 3198 257 3258 καί
279 3202 465 3282 συγγραφεῖς,
490 3190 514 3254 ὦ
537 3190 644 3255 Κοῖντε
659 3189 745 3254 Αίλιε
761 3187 925 3274 Τουβέρων,
950 3194 1002 3254 καί
1018 3190 1196 3279 δεδηλωκὼς
1219 3189 1248 3254 ἐν
1272 3189 1378 3276 ὀλίγοις

206 3306 330 3386 τινάς,
363 3301 412 3374 ἃς
447 3298 643 3384 [legendum
666 3295 783 3378 ὀλίγοις,
819 3297 915 3383 τίνας]
939 3294 1065 3371 ἕκαστος
1093 3294 1187 3362 αὐτῶν
1217 3295 1379 3387 εἰσφέρεται

206 3406 413 3494 πραγματικάς
435 3429 466 3470 τε
489 3409 541 3471 καί
563 3407 701 3478 λεκτικὰς
725 3403 842 3488 ἀρετάς,
866 3407 918 3468 καί
940 3414 982 3489 cri]
999 3407 1128 3490 μάλιστα
1150 3402 1257 3492 χείρων
1273 3405 1380 3477 ἑαυτοῦ

205 3519 311 3595 γίνεται
333 3519 412 3578 κατὰ
434 3518 488 3587 τὰς
510 3509 684 3600 ἀποτυχίας,
707 3509 763 3576 εἴτε
786 3522 840 3601 τῆς
861 3517 1062 3596 προαιρέσεως
1085 3512 1142 3600 οὐχ
1165 3512 1280 3577 ἅπαντα
1303 3520 1382 3580 κατὰ

207 3626 254 3686 τὀν
278 3621 486 3708 ἀκριβέστατον
509 3623 648 3709 λογισμὸν
672 3618 797 3707 ὁρώσης,
830 3617 885 3683 εἴτε
909 3631 962 3708 τῆς
984 3621 1137 3707 δυνάμεως
1159 3618 1214 3686 οὐκ
1237 3620 1267 3687 ἐν
1290 3620 1384 3687 ἅπασι

205 3740 267 3802 τοῖς
301 3728 398 3814 ἔργοις
431 3731 657 3815 κατορθοίνσης·
689 3724 738 3792 ἵνα
773 3735 833 3801 τοῖς
866 3731 1107 3815 προαιρουμένοις
1136 3729 1256 3817 γράφειν
1279 3732 1384 3795 τεκαὶ

214 3957 217 3962 ,
297 3892 321 3958 *)
340 3891 398 3962 ipse
417 3907 528 3962 operam
547 3907 624 3944 suam
638 3888 715 3960 κρίσιν
727 3894 806 3944 vocat
819 3888 852 3943 de
865 3890 927 3959 Lys.
942 3907 964 3946 c.
977 3891 1012 3945 20
1027 3909 1052 3960 p.
1068 3891 1169 3960 496R3
1188 3891 1261 3964 κρίνω
1280 3910 1307 3962 p.
1320 3892 1382 3961 557,

206 3978 323 4054 κριτήρια
342 3998 413 4051 quae
432 3979 572 4051 disciplina
592 3978 781 4033 subministrat
799 3996 826 4047 p.
845 3979 899 4034 898
908 3979 941 4033 R.

297 4070 339 4135 **)
357 4069 471 4125 totius
491 4068 580 4138 operis
594 4066 762 4136 inscriptioni
776 4067 938 4122 vocabulam
951 4068 1064 4139 ῥητόρων
1076 4066 1146 4122 adici
1159 4086 1214 4123 non
1228 4069 1298 4134 licet,
1316 4085 1382 4123 nam

204 4155 261 4212 non
279 4164 339 4213 erat
358 4159 391 4213 de
410 4157 563 4212 oratoribus
582 4156 661 4220 solis;
682 4156 796 4210 verbum
815 4154 1034 4225 dnoprqpaucpot
1058 4157 1115 4211 sive
1134 4158 1292 4228 πραγματεία
1317 4159 1383 4227 quin

206 4250 332 4314 addatur,
350 4247 419 4302 nihil
438 4248 529 4302 obstat
546 4248 581 4313 (v.
601 4265 627 4316 p.
647 4246 708 4315 758,
729 4264 755 4315 p.
774 4244 845 4309 810).

296 4338 357 4405 ***)
374 4338 407 4392 cf.
427 4335 538 4405 Dionys,
559 4337 592 4390 de
610 4336 673 4404 Lys.
692 4335 738 4388 iud
768 4353 790 4387 c.
814 4334 845 4388 18
865 4352 892 4404 p.
912 4335 965 4389 492
983 4334 1016 4388 R.
