3100 4809
628 251 936 369 -ιοο-4

164 480 317 562 πολλοῖς*)
340 477 498 566 ἠξιωμένον
522 478 664 566 ὀνόματος
687 479 734 543 ἐπὶ
756 478 892 565 δεινότητι
915 476 1011 560 λόγων
1040 484 1093 544 καί
1121 479 1339 545 ἀπολελοιπότα

164 589 321 674 δημοσίους
344 610 374 649 τε
396 590 448 650 καὶ
469 585 561 660 ἰδίους
583 588 692 667 λόγους
713 584 779 650 οότε
807 584 924 667 ὀλίγους
954 584 1020 649 οὔτε
1053 583 1338 675 εὐκαταφρονήτους,

162 692 320 781 ἡγησάμην
344 695 401 757 δεῖν
425 698 466 780 μὴ
490 696 662 779 παραλιπεῖν
686 691 782 775 αὐτὸν,
806 692 885 757 ἀλλὰ
908 696 960 757 καί
983 698 1048 778 περὶ
1070 704 1120 757 τοῦ
1136 696 1199 776 βίου
1216 699 1269 757 καὶ
1289 706 1339 758 του
1407 719 1409 724 ·

163 812 356 888 χαρακτῆρος
379 798 467 864 αὐτου
491 802 619 864 διελθεῖν
642 804 693 864 καί
716 797 839 885 διορίσαι
861 804 928 872 τους
952 823 981 863 τε
996 806 1132 887 γνησίους
1154 804 1207 865 καῖ
1223 803 1340 886 ψευδεῖς

163 908 279 988 λόγους,
541 906 543 910 ’

254 1017 302 1080 De
327 1017 483 1080 Dinarchi
508 1018 575 1080 vita
601 1017 698 1081 etde
722 1017 929 1080 orationibus
961 1017 1113 1098 genuinis
1150 1018 1339 1101 spuriisque

164 1124 403 1206 quaestionem,
442 1144 542 1205 quam
575 1124 748 1206 Dionysius
780 1123 848 1186 suis
879 1124 995 1187 studiis
1030 1142 1157 1206 suoque
1207 1125 1339 1204 ingenio

163 1230 269 1294 fretus
286 1250 387 1312 quum
401 1231 651 1294 accuratissime
665 1252 700 1294 se
718 1231 882 1294 tractasse
901 1251 967 1293 non
984 1231 1147 1297 immerito
1164 1231 1339 1312 gloriatur,

165 1356 302 1419 sepone.

254 1444 301 1508 De
318 1445 505 1508 elocutione
522 1446 593 1508 eius
610 1445 687 1526 quid
701 1444 896 1507 iudicaverit
909 1445 1043 1527 exponit
1055 1448 1113 1509 c.5
1129 1467 1160 1527 ρ,
1170 1447 1234 1510 639
1249 1466 1339 1527 squ:

161 1552 267 1632 καιρὸς
287 1549 345 1636 ἤδη
368 1553 420 1612 καί
444 1554 506 1634 περὶ
529 1559 578 1613 του
602 1561 794 1637 χαρακτῆρος
817 1547 904 1613 aaron
935 1551 1036 1629 λέγειν.
1082 1550 1141 1613 ἐ’στι
1164 1551 1197 1612 δὲ
1219 1547 1337 1633 δυσόρι-

163 1678 239 1721 στον.
287 1652 369 1719 οὐδὲν
402 1661 458 1740 γάρ
493 1654 558 1720 chre
592 1661 688 1720 κοινὸν
725 1656 909 1741 [assentior
944 1659 1077 1723 Christii
1121 1660 1335 1722 coniecturae

163 1763 330 1849 καινόν**)]
355 1761 413 1826 οὔτ’
436 1763 509 1827 ἴδιον
532 1763 628 1850 ἔσχεν,
653 1761 712 1827 οὔτ’
738 1761 767 1826 ἐν
791 1774 851 1836 τοῖς
872 1761 955 1836 ἰδίοις
979 1761 1039 1828 οὔτ’
1065 1762 1094 1827 ἐν
1112 1775 1173 1837 τοῖς
1188 1765 1339 1850 δημοσίοις

164 1868 272 1950 ἀγῶσιν
294 1871 358 1937 κτλ.
407 1872 567 1936 Omnium
598 1873 667 1937 fere
701 1874 870 1937 oratorum
895 1872 1143 1937 similitudinem
1169 1873 1339 1955 quandam

164 1979 316 2043 invenias
348 1980 379 2046 in
412 1980 596 2057 Dtnamho,
629 1980 751 2043 nullius
784 1981 962 2060 imaginem
995 1980 1041 2044 ita
1071 2000 1272 2064 expressam,
1303 1982 1340 2043 ut

164 2086 319 2151 Dinarchi
330 2088 497 2151 orationes
507 2089 550 2152 ah
561 2088 700 2151 aliorum
713 2108 780 2150 non
795 2087 890 2151 facile
905 2088 1089 2167 dignoscas.
1105 2087 1339 2151 Demosthenis

164 2214 230 2276 quo
255 2195 388 2258 nomine
413 2195 526 2258 similis
552 2197 583 2257 et
609 2194 773 2257 dissimilis
799 2194 910 2274 fuerit,
934 2194 1106 2274 significat.
1134 2195 1198 2258 αθ
1223 2216 1256 2276 p.
1276 2196 1338 2258 646

163 2296 337 2363 λείπεται
361 2301 392 2363 δὲ
415 2298 627 2387 Δημοσθένους
649 2304 727 2363 κατά
751 2304 803 2384 μὲν
826 2304 878 2385 την
901 2297 1027 2385 ἐκλογὴν
1051 2310 1106 2363 των
1130 2298 1279 2385 ὀνομάτων
1303 2311 1338 2384 τη

164 2404 314 2492 δεινότητι·
347 2412 425 2470 κατὰ
455 2408 487 2469 δὲ
518 2411 568 2492 τὴν
591 2409 726 2470 σίινθεσιν
750 2418 786 2490 τη
811 2407 939 2490 ποικιλία
963 2418 1018 2469 των
1041 2413 1206 2492 σχημάτων
1229 2410 1280 2471 καὶ
1304 2418 1340 2491 τη

163 2510 329 2598 ἐξαλλαγῇ·
353 2519 430 2577 κατά
454 2515 486 2577 δὲ
509 2519 560 2600 την
583 2511 693 2597 εθρεσιν
716 2525 772 2576 των
796 2511 1030 2599 ἐπιχειρημάτων
1053 2525 1093 2597 την
1115 2518 1157 2600 μη
1184 2519 1272 2577 καινά
1288 2517 1341 2577 καί

163 2620 317 2703 παράδοξα
339 2623 512 2707 λαμβάνειν,
546 2620 625 2684 ἀλλά
656 2625 767 2706 φανερά
797 2624 849 2683 καὶ
873 2618 902 2683 ἐν
925 2631 965 2703 τῷ
989 2625 1069 2704 μέσῳ
1092 2625 1233 2704 κείμενα·
1263 2625 1341 2685 κατά

163 2728 196 2788 δὲ
219 2731 270 2813 την
293 2724 459 2813 οἰκονομίαν
489 2739 524 2812 τη
555 2725 631 2799 τάξει
654 2729 706 2790 καὶ
730 2737 795 2799 ταῖς
817 2724 1000 2810 ἐξεργασίαις
1022 2738 1077 2789 των
1107 2725 1341 2813 ἐπιχειρημάτων

163 2838 216 2897 καί
239 2845 301 2907 ταῖς
324 2846 581 2919 προκατασκευαῖς
604 2838 656 2897 καὶ
679 2844 742 2904 ταῖς
764 2831 882 2921 ἐρόδοις
905 2838 957 2897 καὶ
980 2845 1041 2907 τοῖς
1063 2834 1168 2907 ἄλλοις
1196 2845 1341 2921 τεχνικοῖς

163 2944 414 3027 παραγγέλμασιν,
449 2944 469 3005 ἃ
503 2946 569 3026 περὶ
602 2944 709 3029 ταυτην
744 2939 805 3005 ἐστὶ
839 2946 890 3027 τὴν
923 2938 1018 3005 ἰδίαν·
1050 2940 1178 3025 μάλιστα
1201 2943 1227 3003 δ’
1253 2939 1342 3006 αότου

162 3049 290 3112 λείπεται
313 3061 349 3134 τῇ
373 3054 536 3136 συμμετρία
559 3052 610 3112 καὶ
633 3060 673 3131 τῷ
697 3049 826 3135 [καιρῷ]
851 3050 1065 3131 πρίτοντι***).
1094 3050 1172 3129 λέγω
1196 3049 1341 3111 δὲταῦτα

162 3155 219 3221 οόκ
244 3153 273 3218 ἐν
296 3167 336 3239 τῷ
359 3155 497 3220 καθόλου
521 3154 618 3241 τρόπῳ
650 3152 691 3228 ὡς
722 3156 813 3242 μηδὲν
836 3159 943 3219 τουτων
966 3157 1194 3240 κατορθοῦντος,
1218 3153 1285 3217 ἀλλ’
1311 3152 1341 3217 ἐν

163 3274 202 3345 τῷ
226 3269 382 3348 κοινοτέρῳ
405 3267 457 3326 καῖ
480 3261 521 3335 ὡς
544 3261 590 3326 ἐπὶ
612 3267 645 3326 τὸ
668 3263 751 3326 πολό.
798 3261 833 3324 δι’
858 3258 928 3324 αὐτὸ
951 3267 1008 3345 γάρ
1031 3271 1115 3325 τοῦτο
1138 3265 1191 3325 καὶ
1214 3260 1342 3345 ἄγροι-

164 3374 234 3432 κόν
257 3392 328 3443 τινες
350 3368 575 3457 Δημοσθένηνί)
599 3370 713 3456 ἔφασαν
742 3366 813 3431 εἶναι
843 3372 922 3431 κατὰ
946 3371 977 3430 τὸ
1002 3365 1134 3440 ἐλλειπὲς
1157 3380 1209 3455 της
1232 3365 1342 3431 οἰκονο·

164 3480 234 3560 μίας
257 3479 363 3563 ταυτην
393 3481 457 3561 περὶ
486 3474 575 3539 αθτου
605 3481 658 3562 την
691 3476 777 3546 δόξαν
801 3472 947 3556 λαβόντες.
993 3477 1025 3537 τὸ
1049 3480 1105 3559 γάρ
1130 3474 1268 3559 ’άγροικον
1292 3484 1342 3537 τοῦ

163 3584 313 3650 πολιτικοῦ
343 3589 482 3670 σώματος
511 3580 545 3646 οἵ)
577 3593 688 3669 μορρη,
718 3591 891 3664 κατασκευῇ
923 3582 1029 3644 δὲκαὶ
1060 3582 1193 3644 διαθέσει
1215 3585 1266 3644 τινὶ
1289 3593 1343 3667 της

165 3701 282 3778 μορρης
305 3691 462 3777 διήνεγκεν.

256 3852 282 3920 *)
300 3854 331 3907 In
350 3853 394 3907 his
413 3851 582 3905 Demetrium
600 3849 753 3920 Magnetem
774 3850 856 3903 tuisse
876 3850 953 3903 docet
971 3849 1100 3903 iudicium
1119 3848 1191 3902 infra
1209 3847 1339 3919 positum.

255 3958 297 4026 **)
316 3961 350 4014 τί.
369 3976 440 4029 quac
458 3962 609 4028 sequuntur
633 3959 666 4011 de
693 3957 821 4010 Dinarchi
847 3974 909 4010 cum
939 3957 999 4011 aliis
1024 3956 1201 4010 similitudine
1225 3963 1252 4010 et
1278 3973 1300 4010 c.
1323 3958 1342 4011 8

165 4052 199 4115 τῷ
211 4047 249 4116 μὴ
268 4052 341 4100 καινὰ
353 4048 396 4101 καί
409 4046 539 4118 παράδοξα
551 4045 697 4115 λαμβάνειν,
717 4045 786 4098 ἀλλὰ
796 4049 891 4116 φανερὰ
903 4045 946 4096 καὶ
960 4046 983 4097 ὲν
995 4046 1061 4115 μέσῳ
1074 4044 1192 4113 κείμενα;
1212 4064 1237 4115 p.
1253 4045 1306 4098 974
1319 4046 1344 4099 R

165 4135 208 4197 (de
227 4136 302 4188 Dem.
322 4152 344 4189 υ.
363 4136 390 4201 8)
411 4133 468 4187 οὔτε
487 4137 569 4186 καινὸν
588 4132 644 4187 οὔτε
663 4136 772 4203 περιττὸν
791 4132 964 4204 ἐπετήδευσαν.

257 4239 317 4306 ***)
334 4249 369 4310 τῲ
387 4248 466 4312 καιρῷ
486 4242 596 4312 πρέποντι
620 4242 666 4295 vix
690 4258 784 4310 graece
804 4241 914 4305 dicitur;
941 4237 1061 4295 ΚΑΙΡΩΙ
1079 4241 1174 4295 litteris
1201 4239 1264 4294 ΚΑΙ
1282 4237 1345 4295 ΤΩΙ

167 4328 287 4395 repetitis
307 4334 402 4383 natum
422 4347 481 4384 esse
501 4331 615 4384 videtur.

256 4431 282 4499 ί)
299 4435 334 4487 cf.
351 4436 421 4490 rhet.
440 4454 479 4508 gr.
499 4436 535 4491 Ill
553 4436 607 4492 384
623 4437 666 4491 W.
684 4435 795 4508 κρίθινος
814 4435 989 4512 Δημοσθένης.
