3100 4809
317 1198 434 1264 Exstat
464 1218 518 1263 ars
553 1199 720 1265 rhetorica
757 1220 845 1284 quae
877 1198 1025 1284 Dionysii
1059 1197 1404 1278 Halicarnassensis*)

229 1307 363 1372 nornine
398 1306 519 1382 fertur;
553 1307 612 1370 sed
646 1307 725 1371 artis
760 1307 895 1372 nomine
927 1307 1082 1388 indignas
1116 1327 1189 1371 esse
1225 1295 1336 1389 partes
1361 1326 1404 1368 no

229 1415 315 1479 inter
346 1435 382 1479 se
414 1414 547 1498 quidem
582 1415 803 1479 cohaerentes
834 1416 867 1479 et
899 1405 1079 1479 nrani'inam
1110 1417 1251 1497 partein,
1284 1396 1402 1476 sinon

229 1541 345 1586 omnes
370 1522 411 1585 ab
429 1520 698 1586 Halicarnssensi
723 1522 965 1586 abiudicandas
991 1521 1087 1586 facile
1112 1522 1208 1584 nobis
1225 1540 1401 1602 persuaso-

228 1631 308 1692 runt
331 1629 391 1692 viri
415 1629 502 1693 docti
528 1629 700 1707 Schott,
725 1628 861 1707 Blais,
893 1629 1098 1694 Roessler
1123 1628 1255 1710 aliique.
1304 1626 1404 1689 Cuius

227 1734 302 1798 libri
327 1756 407 1799 num
432 1756 519 1818 quae
546 1736 654 1818 capita
678 1736 721 1799 ad
744 1735 938 1820 Dionysium
963 1736 1112 1813 redeant,
1134 1754 1221 1813 euni
1247 1753 1288 1796 ne
1307 1727 1402 1794 ‘nune

230 1842 363 1924 quidem
386 1842 467 1906 satis
497 1842 705 1925 exploratum
736 1843 817 1906 nrihi
850 1843 1012 1919 videatur,
1042 1842 1231 1925 praeceptis
1255 1839 1403 1922 Dionysii

230 1948 403 2012 rhetoricis
437 1970 477 2013 ex
511 1949 663 2030 genuinis
698 1948 790 2013 tibris
826 1950 938 2014 eiectis
974 1951 1006 2013 et
1036 1948 1203 2032 dispositis
1233 1945 1333 2010 etiam
1357 1945 1403 2022 ilii

228 2054 417 2139 quaestioni
441 2054 651 2137 aliquantum
676 2055 757 2119 lueis
782 2056 892 2119 afferri
910 2057 1014 2131 ratus
1040 2054 1188 2138 spuriam
1205 2054 1311 2117 arteni
1328 2051 1400 2114 diti-

230 2161 360 2243 gentius
395 2161 586 2225 examinare
620 2162 654 2224 in
689 2182 853 2245 praesens
886 2162 990 2226 ornisi.
1037 2162 1205 2241 integram
1239 2159 1337 2240 igitur
1373 2159 1406 2221 et

229 2268 409 2350 genuinam
445 2272 552 2333 arteni
580 2268 777 2347 oratoriam,
813 2269 839 2331 si
875 2268 1005 2350 scripsit
1019 2267 1067 2345 **)
1099 2265 1300 2350 Dionysius,
1337 2285 1405 2328 non

229 2375 415 2456 habemus3
448 2375 508 2438 sed
538 2396 578 2439 ex
610 2375 798 2458 praeceptis
829 2395 890 2459 per
920 2374 1021 2437 libros
1053 2374 1236 2439 rhetoricos
1265 2372 1318 2435 hie
1343 2372 1406 2435 iilic

231 2481 390 2565 dispersis
423 2483 531 2545 artem
556 2481 862 2546 Halicarnassensis
894 2481 988 2563 quasi
1019 2481 1137 2545 elicere
1162 2483 1195 2544 et
1230 2480 1405 2544 restituere

230 2608 419 2672 possumus.
467 2586 540 2665 Quo
572 2591 670 2671 paeto
701 2588 839 2669 singulis
872 2588 952 2652 artis
984 2588 1150 2651 oratoriae
1174 2577 1325 2670 partibus
1351 2606 1406 2649 ex·

230 2695 366 2778 ploratis
399 2695 440 2758 ad
476 2694 617 2759 alteram
652 2695 693 2759 de
729 2695 877 2759 tontibus
913 2696 1144 2778 quaestionem
1174 2693 1405 2757 illustrandam

231 2801 285 2866 via
304 2802 400 2865 notris
426 2802 476 2865 ost
500 2782 789 2885 praemunienda.

639 2961 758 3026 Artis
783 2962 997 3030 definitio

321 3087 468 3151 Primum
505 3089 638 3171 quidem
675 3088 863 3170 quaeritur,
900 3108 1007 3170 quae
1043 3087 1235 3169 Dionysii
1272 3086 1407 3150 tuerit

234 3194 630 3259 artis'rhotorieae
665 3194 879 3258 definitio,
927 3194 1029 3258 Cuius
1061 3195 1140 3258 sunt
1163 3194 1229 3256 duo
1254 3192 1405 3275 exempta

233 3301 321 3382 apud
346 3300 498 3365 rhetores
523 3300 715 3383 posterioris
748 3300 884 3364 aetatis:
919 3298 1070 3364 Alterum
1095 3302 1144 3364 est
1169 3300 1258 3381 apud
1282 3300 1405 3362 Maxi·

234 3425 339 3469 rnunr
354 3406 590 3471 Plauudorn
608 3408 719 3484 (anu.
738 3427 849 3489 graec.
866 3408 930 3471 vol.
948 3408 976 3471 V
992 3430 1024 3491 p.
1042 3409 1106 3472 213
1123 3406 1195 3490 W.;
1219 3406 1405 3470 Roessler

232 3511 364 3595 Dionys.
383 3512 454 3577 Hal.
471 3512 589 3593 fragrn.
614 3535 644 3597 p.
664 3515 737 3598 41);
768 3510 918 3585 aarum
933 3513 958 3574 δ’
977 3510 992 3576 ὁ
1008 3510 1262 3596 Ἁλικαρνασσεὺς
1277 3512 1405 3594 (definit

232 3619 445 3703 rhetoricam)
478 3614 587 3692 οὕτως·
619 3617 750 3705 ,δύναμὶς
780 3623 907 3683 πιθανοῦ
930 3622 1019 3701 λόγον)
1044 3618 1072 3682 ἐν
1095 3624 1244 3705 πράγματι
1266 3619 1405 3702 πολιτικῷ

324 3778 350 3844 *)
368 3777 570 3852 ‘Ait-rupouotog
595 3780 622 3834 in
650 3781 725 3834 libris
757 3798 812 3834 una
840 3781 928 3835 litto-a
954 3800 967 3832 o
991 3781 1042 3850 legi
1071 3785 1206 3835 testantur
1234 3780 1406 3833 Sohaefer
1459 3843 1466 3850 .

233 3869 320 3922 Melet.
345 3870 402 3923 crit.
422 3888 448 3939 p.
471 3871 480 3923 1
503 3875 530 3925 et
556 3871 771 3924 Herwerden
801 3871 910 3938 Dionys.
938 3870 1022 3924 Halic.
1051 3871 1128 3940 epist.
1158 3870 1215 3923 crit.
1243 3876 1295 3923 tres
1321 3870 1405 3938 praet.

234 3974 260 4026 p.
279 3958 301 4011 V
321 3964 346 4010 ui
365 3958 409 4011 Vl.
1305 3972 1308 3976 ’

324 4047 368 4113 **)
389 4049 462 4116 quod
481 4048 624 4103 addubitat
651 4049 816 4101 itoeisler
844 4049 951 4116 Dionys.
978 4050 1061 4101 Hatic.
1088 4049 1183 4117 fragm.
1213 4065 1239 4117 p.
1261 4044 1292 4099 12
1317 4047 1405 4100 tausis

183 4175 185 4180 .
233 4135 299 4188 satis
318 4136 446 4203 gravibus
466 4138 579 4200 duetus3
606 4137 653 4190 sed
673 4136 859 4191 definitionem
884 4138 950 4190 artis
975 4138 1028 4191 alio
1056 4154 1137 4205 quani
1165 4137 1191 4189 in
1219 4138 1322 4202 integra
1343 4133 1406 4188 'arte

233 4222 292 4277 loeo
313 4224 357 4277 rix
377 4228 519 4279 commode
538 4226 658 4295 positam
677 4225 761 4278 tuisse
779 4231 856 4295 puto.
885 4228 1035 4290 Usener,
1056 4227 1165 4293 Dionys.
1187 4226 1269 4278 italio.
1290 4225 1323 4277 de
1344 4225 1402 4277 iuri-

233 4312 336 4366 tatione
348 4313 480 4368 librorum
495 4316 550 4369 rell.
564 4315 685 4383 (Bonnae
697 4315 785 4379 luat,
798 4315 875 4369 initio
889 4316 1020 4369 lirrorun
1034 4315 1088 4384 περὶ
1101 4313 1234 4385 μιμήσεως
1247 4314 1406 4367 collocatam

234 4400 318 4455 fuisse
336 4407 434 4458 censet.

1214 4491 1244 4542 l*
