3100 4809
699 208 941 271 -103-

230 378 444 468 Δημοσθένους
467 382 615 461 libellus,
645 384 685 447 de
719 383 939 467 Hyperide
972 384 1005 448 et
1036 380 1250 447 Aeschine
1289 382 1406 447 iudicia

231 489 275 553 ad
292 508 352 553 nos
376 509 444 554 non
461 491 697 573 pervenerunt.
730 489 816 567 Quid
841 492 954 554 autem
983 489 1024 554 de
1048 489 1100 553 his
1115 489 1409 572 praestantissimis

231 596 420 660 oratoribus
445 596 647 675 indicaverit,
672 596 778 679 colligi
802 597 879 661 lieet
904 617 944 660 ex
968 595 1193 679 compluribus
1217 594 1307 662 locis.
1353 596 1408 660 At·

230 721 295 784 que
321 704 462 785 primum
487 702 749 787 Hyperidem
772 704 806 766 in
831 703 915 767 libro
939 704 980 766 de
997 702 1071 766 Dio.
1097 721 1124 766 r.
1152 705 1165 766 Ι
1193 700 1296 766 refert
1319 702 1408 766 simi·

229 809 303 874 liter
327 811 429 889 atque
459 809 719 875 Demosthenem
752 812 786 875 et
808 809 1010 875 Aeschinem
1042 808 1173 873 dicendi
1204 828 1329 889 genera
1363 812 1407 876 ab

231 916 394 997 prioribus
418 917 556 982 inventa
589 918 785 1000 perduxisse
814 918 856 981 od
890 916 1131 1001 perfectionem
1155 915 1323 1001 (ττλειωτης
1351 926 1407 979 τῶν

230 1018 339 1104 ἑτέροις
362 1016 550 1107 εὑρημένων),
582 1025 708 1088 lhidem
734 1043 822 1104 qirae
847 1024 918 1088 elus
941 1024 1081 1088 virtutes
1108 1023 1230 1087 luerint
1254 1025 1407 1108 exposuit
1462 1041 1464 1046 ’

232 1149 259 1192 e.
285 1132 304 1195 o
328 1151 359 1212 p,
379 1131 438 1194 641
466 1131 514 1194 R:
540 1127 555 1193 ό
580 1130 605 1192 δ’
623 1127 792 1216 Ὑπερείδης
807 1133 885 1192 κατὰ
901 1133 953 1215 μέν
977 1132 1028 1216 τήν
1044 1126 1169 1214 ἐκλογήν
1185 1139 1241 1191 τῶν
1257 1125 1406 1215 ὀνομάτων

229 1231 347 1318 ἡττᾶται
370 1232 494 1319 Λυσίου,
519 1241 597 1301 κατὰ
621 1238 653 1300 δέ
676 1241 724 1301 τόν
744 1240 946 1322 πραγματικὸν
969 1233 1075 1321 τρόπον
1098 1236 1242 1324 διαφέρει·
1267 1236 1406 1323 διηγεῖται

127 1357 132 1364 ’
228 1341 260 1403 δέ
281 1343 454 1428 πολλαχῶς,
478 1347 547 1406 ποτὲ
571 1348 623 1430 μέν
645 1350 723 1408 κατὰ
739 1348 831 1430 φόσιν,
854 1348 924 1409 ποτέ
947 1343 979 1406 δὲ
1003 1341 1061 1407 ἀπὸ
1084 1353 1135 1407 του
1158 1343 1261 1416 τέλους
1284 1340 1331 1407 ἐπί
1354 1347 1406 1430 τἠν

229 1446 327 1534 ἀρχήν
350 1449 560 1536 πορευόμενος,
585 1461 733 1517 πιστοῦται
755 1452 781 1514 δ’
807 1448 841 1515 oi>
863 1462 930 1515 κατ’
953 1448 1114 1537 ἐνδόμημα
1137 1447 1235 1536 μόνον,
1259 1448 1339 1515 ἁλλὰ
1354 1453 1406 1514 καί

227 1567 293 1620 κατ’
330 1553 509 1645 ἐπιχείρημα
540 1555 704 1637 πλατόνων,
743 1563 775 1624 et
800 1581 826 1624 c.
854 1561 872 1624 7
896 1583 927 1644 p.
954 1561 1039 1625 643:
1064 1553 1195 1642 Ὁμοίως
1218 1560 1268 1640 (ut
1285 1559 1405 1642 Lysiae

229 1668 262 1728 et
285 1666 440 1731 Dinarchi
465 1668 624 1732 orationis
649 1668 886 1750 diiudicentur)
910 1669 961 1730 καί
985 1663 1108 1729 ἐπὶτῶν
1131 1661 1316 1749 Ὑπερείδου·
1354 1661 1405 1729 ἐὰν

227 1782 280 1857 της
303 1776 356 1857 μὲν
378 1774 526 1846 λέξεως
549 1778 581 1837 τὸ
603 1771 737 1859 ἰσχυρόν,
771 1785 826 1858 τῆς
848 1775 880 1836 δέ
903 1775 1072 1846 συνδέσεως
1094 1777 1126 1837 τδ
1149 1770 1270 1855 ἁπλοῦν,
1295 1782 1350 1835 τῶν
1373 1772 1405 1834 δέ

229 1883 406 1963 πραγμάτων
436 1883 469 1942 τό
500 1877 650 1965 εὔκαιρον,
684 1893 737 1966 της
766 1881 799 1943 δὲ
828 1891 1020 1967 κατασκευης
1042 1877 1075 1944 τό
1098 1883 1140 1967 μή
1171 1882 1307 1964 τραγικόν
1330 1879 1405 1966 μηδέ

229 1981 360 2064 ὀγκῶδες
382 1985 440 2071 ἔχη
468 2025 503 2034 -
531 1997 621 2051 ταῦτα
645 1991 702 2070 γὰρ
727 1993 849 2070 μέγιστα
873 1985 985 2051 ἐκείνου
1008 1996 1060 2051 που
1083 1985 1190 2072 ἀνδρὸς
1210 1984 1272 2051 ἴδιά
1287 1983 1346 2050 ἐστι
1365 2024 1400 2035 -

230 2087 400 2174 Ὑπερείδου
423 2095 541 2173 λεγέτω.

319 2200 366 2265 Ex
390 2203 539 2265 veterum
577 2222 664 2285 quae
700 2204 840 2267 vocatur
875 2222 1030 2277 censura,
1066 2222 1153 2284 quae
1184 2221 1225 2266 ex
1255 2200 1404 2278 secundo

230 2306 376 2390 Dionysii
394 2308 435 2371 de
452 2308 635 2373 imitatione
652 2309 735 2373 lihro
752 2312 909 2393 excerpta
925 2311 975 2374 est
992 2310 1174 2386 (v.Usener
1190 2308 1282 2373 Dion.
1298 2307 1403 2379 Halic.

230 2414 271 2477 de
295 2414 411 2478 imitat.
436 2414 594 2480 librorum
619 2418 676 2480 rel.
694 2438 726 2500 p.
747 2418 810 2497 ll),
835 2417 918 2481 haec
943 2436 1096 2500 oppono:
1120 2411 1156 2476 Ὁ
1180 2414 1213 2477 δὲ
1236 2411 1405 2500 Ὑπερείδης

228 2515 369 2604 εὔστοχος
392 2516 454 2604 μέν,
477 2525 598 2584 σπάνιον
621 2521 647 2584 δ’
673 2518 829 2609 αόξητικδς
857 2526 911 2586 καί
940 2532 975 2607 τη
1000 2525 1051 2607 μέν
1075 2532 1129 2609 της
1150 2525 1288 2608 φράσεως
1309 2542 1403 2584 κατα-

227 2636 320 2710 σκευή
344 2624 458 2691 Λυσίαν
482 2622 666 2713 ὑπερηρκώς,
690 2638 726 2712 τη
750 2628 783 2691 δέ
804 2639 857 2716 της
880 2624 1023 2713 εὑρέσεως
1032 2629 1061 2711 *l
1092 2632 1254 2713 πανουργία
1283 2632 1403 2702 πάντας,

227 2732 268 2795 ἐ’τι
299 2733 331 2796 δὲ
365 2744 414 2798 του
449 2739 620 2820 κρινομένου
652 2735 700 2799 διὰ
735 2740 845 2810 παντὸς
876 2735 977 2823 έχεται
1000 2740 1135 2811 καὶτοῖς
1157 2736 1330 2819 ἀναγκαίως
1353 2748 1402 2801 του

227 2845 398 2925 πράγματος
421 2847 619 2930 προσπέφυκε,
644 2846 696 2906 καί
718 2847 830 2906 συνέσει
853 2845 951 2928 πολλή
974 2849 1185 2932 κεχορήγηται,
1207 2848 1260 2909 καί
1282 2850 1403 2931 χάριτος

228 2951 335 3030 μεστός
358 2945 431 3010 ἐστι·
455 2952 506 3011 καί
530 2950 625 3013 δοκῶν
649 2948 763 3022 ἁπλοῦς
792 2948 848 3014 οόκ
871 2949 1062 3037 ἀπήλλακται
1084 2951 1254 3035 δεινότητος.
1300 2955 1402 3015 τουτου

227 3055 372 3139 ζηλωτέον
402 3058 530 3139 μάλιστα.
562 3067 617 3120 τῶν
647 3058 809 3145 διηγήσεων
842 3060 874 3120 τό
907 3059 1011 3121 λεπτὸν
1034 3060 1086 3121 καί
1109 3061 1282 3143 σόμμετρον,
1305 3058 1346 3121 so
1369 3058 1401 3121 δέ

228 3163 354 3233 καὶτὰς
378 3159 512 3247 ἐφόδους,
535 3161 670 3247 <αίς>**)
695 3163 741 3227 ἐπὶ
763 3169 800 3228 τὰ
823 3168 983 3250 πράγματα
1006 3161 1124 3245 βαδίζει.

318 3271 476 3336 Veterum
499 3276 675 3356 praeterea
699 3274 821 3339 iudicia
846 3274 887 3337 de
904 3273 1072 3356 Hyperide
1097 3272 1227 3353 collegit
1249 3272 1284 3338 F.
1309 3273 1399 3337 Blais

229 3377 260 3438 in
280 3378 423 3443 editione
442 3381 628 3444 orationum
641 3380 825 3465 Hyperidis.
847 3379 1069 3444 Ciceronis
1087 3379 1287 3452 testimonia,
1312 3399 1399 3462 quae

229 3503 287 3547 cur
305 3485 368 3549 illic
385 3507 451 3550 non
471 3488 637 3564 adiecerit,
655 3509 723 3552 non
742 3488 846 3568 video,
870 3489 950 3551 sunt
966 3487 1068 3552 haec:
1093 3487 1133 3551 de
1151 3488 1233 3551 orat.
1247 3487 1277 3552 Il
1293 3490 1345 3566 23,
1356 3488 1399 3553 94

227 3590 384 3657 laudetur
408 3594 479 3659 cius
504 3595 653 3660 veritatis
678 3596 836 3665 studium,
860 3596 903 3659 ih.
927 3595 942 3659 Ι
968 3596 1018 3671 13,
1030 3595 1088 3658 58:
1114 3593 1317 3678 Hyperidem
1341 3596 1400 3660 aut

227 3697 498 3775 Demosthenem,
523 3702 690 3785 perlectos
713 3702 777 3766 iam
803 3702 955 3766 homines
979 3701 1011 3764 in
1037 3701 1177 3765 dicendo
1202 3703 1235 3766 et
1258 3701 1400 3785 perpoli-

228 3808 290 3869 tos‘
310 3803 520 3887 (τελειωταίί),
543 3809 584 3874 ih.
602 3810 655 3887 ΙΙΙ,
668 3811 726 3886 7,8
743 3829 883 3873 acumen
899 3808 1075 3892 Hyperidis
1093 3857 1100 3871 .
1118 3856 1126 3872 .
1145 3860 1151 3872 .
1177 3810 1258 3873 orat.
1285 3809 1399 3881 aulo:

227 3913 308 3976 satis
334 3912 367 3975 in
391 3916 597 3980 orationibus
622 3917 760 3981 facetus.
810 3914 902 3980 Brut.
928 3917 958 3996 9,
969 3916 1031 3980 36:
1055 3915 1226 3998 proximus
1250 3914 1312 3979 fuit
1337 3915 1399 3980 De·

225 4030 437 4041 ——u——

316 4075 342 4138 *l
361 4073 481 4141 εὑρέσεως
507 4077 581 4145 quod
605 4077 761 4146 suppeditat
788 4079 846 4131 cod.
865 4076 887 4130 P
907 4076 1019 4131 Useneri
1047 4093 1109 4129 oum
1135 4075 1163 4129 in
1182 4074 1241 4129 aliis
1261 4075 1398 4130 codicillus

226 4165 364 4230 exciderit,
386 4167 435 4219 viri
457 4166 529 4219 docti
548 4167 594 4220 alii
613 4164 756 4237 διηγήσεως
777 4166 823 4220 alii
842 4165 984 4235 οἰκονομίας
1004 4166 1037 4219 de
1056 4165 1209 4220 coniectura
1228 4165 1398 4219 addiderunt.

227 4255 260 4308 ct.
282 4256 315 4309 de
334 4257 415 4309 lsocr.
435 4273 456 4308 c.
477 4255 510 4308 16
529 4256 595 4321 init,
615 4258 648 4311 de
666 4258 741 4311 Dem.
761 4274 784 4311 c
803 4258 829 4311 6.

317 4360 360 4428 ”l
378 4355 420 4425 οἷς
438 4362 500 4415 add.
520 4362 646 4431 Hoeshel‚
666 4363 701 4427 ὥς
722 4366 833 4418 Usener.
