3100 4809
656 176 872 254 *ll-³

749 369 773 434 Ι.

503 473 558 541 De
582 477 790 542 verborum
814 475 1010 542 electione.

598 578 722 668 (ἐκλογὴ
746 579 920 668 ὀνομάτων).

262 705 437 790 Dionysius
451 726 526 771 cum
540 707 584 772 ad
597 707 722 772 Rulum
736 709 839 773 filiurn
856 709 943 773 diem
958 710 1105 774 natalem
1120 711 1346 777 celebrantem

172 814 292 878 librum
316 814 357 878 de
382 814 621 897 compositione
638 818 819 881 verborum
844 817 999 888 mitteret,
1025 817 1066 881 de
1084 816 1246 882 electione
1270 839 1346 884 ver·

171 922 289 985 horum
313 921 366 986 die
396 918 498 985 natali
522 922 685 986 redeunte
710 924 889 987 missurum
914 944 950 985 se
975 925 1091 1005 aperie
1115 925 1279 1006 promittit
1303 926 1344 991 de

171 1050 278 1114 comp.
303 1028 393 1096 verb.
418 1049 451 1112 p.
477 1029 518 1092 14
542 1028 635 1093 Seu:
657 1026 730 1092 Ἐὰν
753 1029 786 1090 δὲ
810 1025 965 1116 ἐγγένηταί
984 1051 1033 1115 μοι
1049 1030 1159 1117 σχολη,
1184 1033 1236 1094 καὶ
1259 1034 1346 1117 περὶ

170 1146 237 1224 της
260 1132 431 1221 ἐκλογης
453 1145 524 1196 τῶν
547 1131 745 1221 ὀνομάτων
770 1133 869 1220 ἑτέραν
893 1134 995 1211 ἐξοίσω
1019 1158 1064 1200 σοι
1087 1144 1213 1225 γραρην,
1235 1135 1284 1201 ἵνα
1298 1142 1346 1202 τδν

170 1243 304 1306 λεκτικὸν
334 1239 421 1305 τόπον
461 1242 579 1314 τελείως
609 1239 828 1329 ἐξειργασμένον
858 1243 944 1330 ἔχης·
984 1245 1096 1330 ἐκείνην
1131 1249 1183 1330 μέν
1214 1243 1264 1309 οὖν
1296 1250 1346 1331 την

171 1353 369 1437 πραγματείαν
384 1345 426 1422 εἰς
440 1353 533 1412 νέωτα
549 1349 636 1413 πάλιν
659 1347 752 1434 ὥραις
770 1359 835 1424 ταῖς
850 1348 953 1423 αυταῖς
968 1352 1145 1437 προσδέχου,
1168 1354 1248 1415 deur
1264 1350 1346 1438 ἡμᾶς
1410 1409 1417 1422 ,

171 1453 371 1545 φυλαττόντων
395 1454 502 1530 ἀσινεῖς
529 1479 558 1519 τε
581 1460 633 1520 καὶ
663 1455 798 1541 ἀνόσους,
830 1454 854 1520 εἰ
885 1458 922 1544 δη
952 1480 1021 1521 ποτε
1051 1455 1120 1544 ἡμῖν
1152 1457 1212 1541 ἄρα
1242 1457 1344 1522 τούτου

170 1567 319 1647 τέτρωται
334 1564 461 1645 βεβαίως
476 1575 580 1649 τυχεῖν.
590 1565 621 1648 *)
651 1566 756 1644 Quem
775 1567 894 1630 librum
913 1568 1025 1630 ulrum
1042 1566 1210 1650 scripserit
1226 1587 1341 1647 necne,

170 1692 237 1737 non
262 1672 342 1737 sutis
359 1673 468 1755 patet3
493 1672 607 1755 utique
625 1673 651 1736 si
669 1694 709 1736 eo
726 1694 792 1757 quo
808 1674 842 1737 in
868 1673 978 1738 animo
1003 1674 1167 1738 habuerat
1193 1676 1342 1758 tempore

172 1778 366 1862 composuit,
391 1779 477 1843 inter
501 1780 612 1862 priora
641 1780 789 1863 Dionysii
813 1781 975 1864 opuscula
1006 1781 1172 1845 rhetorica
1204 1801 1342 1847 necesse

171 1889 222 1953 est
252 1885 446 1951 referamus
504 1886 658 1951 Ceterum
698 1907 756 1950 seu
798 1887 869 1970 ipso
909 1888 1073 1970 promisso
1110 1887 1232 1960 detuit,
1282 1908 1342 1952 seu

171 1995 254 2059 liber
277 1993 317 2057 de
352 1992 515 2057 electione
551 1995 730 2058 uerborum
759 1998 946 2078 temporum
977 1995 1096 2060 iniuria
1127 1995 1277 2078 deperiit,
1309 1995 1342 2057 in

171 2103 262 2167 libris
280 2101 336 2185 qui
352 2100 506 2164 feruntur
522 2102 758 2185 deprendimus
773 2101 1109 2166 llulicnrnasscnsem
1126 2103 1167 2166 de
1184 2103 1248 2166 linc
1265 2122 1343 2185 quo·

171 2230 236 2293 que
260 2230 296 2275 re
321 2209 374 2273 hic
397 2210 461 2275 illic
486 2212 666 2292 praecepta
691 2210 890 2277 tradentem.
930 2210 1121 2291 Colligenda
1145 2210 1242 2291 igilur
1265 2210 1345 2272 sunt

172 2318 322 2400 dispersa
346 2318 378 2382 et
402 2317 623 2401 disponenda.

261 2423 447 2507 Dionysius,
472 2425 508 2487 ut
532 2423 565 2486 in
589 2423 673 2486 libro
697 2429 735 2486 de
753 2425 991 2507 compositione
1009 2425 1187 2488 verborum
1207 2423 1342 2492 lecerat,

171 2530 224 2595 hie
249 2550 382 2612 quoque
405 2529 595 2594 huiusmodi
619 2529 728 2612 capita
760 2549 886 2612 ponere
918 2532 1041 2613 potuit:
1074 2526 1127 2602 Τίς
1150 2526 1224 2592 έσιτν
1247 2551 1266 2615 η
1291 2525 1343 2590 ἐκ·

171 2639 263 2722 λογή;
296 2640 357 2699 τίνα
378 2632 465 2722 ἰσχὺν
487 2633 565 2721 ἕχει;
595 2634 656 2697 τίνα
680 2645 732 2721 της
762 2631 890 2722 ἐκλογης
920 2635 1010 2720 ἔργα;
1043 2641 1123 2700 τίνων
1147 2638 1343 2721 στοχάζεται;

171 2746 224 2807 καὶ
246 2753 309 2815 πῶς
331 2738 426 2806 αὐτῶν
448 2748 603 2828 τυ·γχοίνει;
628 2742 756 2806 similia.
804 2742 863 2806 His
887 2744 1100 2826 praemittere
1125 2746 1343 2828 potuitquae

172 2849 313 2915 dicenda
341 2852 368 2914 ei
399 2850 599 2914 videbantur
630 2850 671 2913 de
702 2850 912 2932 superiorum
943 2852 1069 2917 studiis.
1116 2852 1157 2916 Et
1181 2850 1343 2915 habemus

171 2957 275 3041 ipsius
309 2958 546 3036 testimonium,
580 2976 647 3040 quo
677 2956 718 3021 de
752 2956 912 3037 eligendis
936 2958 1046 3022 verbis
1070 2958 1286 3042 philosophos
1312 2958 1344 3018 et

172 3064 324 3130 rhetores
348 3064 461 3148 plures
485 3062 585 3127 libros
610 3062 797 3128 condidisse
822 3065 981 3146 quamde
998 3065 1236 3148 compositione
1255 3067 1345 3134 altir-

173 3173 253 3252 mat‚
277 3171 318 3235 de
343 3191 448 3254 comp.
474 3192 505 3253 p.
524 3172 565 3234 22
583 3170 678 3234 Solu:
706 3166 767 3232 Καὶ
791 3169 895 3255 μηδεὶς
918 3167 1062 3257 ἡγήσηται
1085 3172 1250 3255 παράδοξον
1275 3179 1344 3240 πολ·

171 3277 231 3340 λων
263 3278 316 3340 καὶ
348 3277 484 3362 μεγάλων
519 3274 606 3339 ὄντων
638 3280 844 3362 θεωρημάτων
878 3280 943 3361 περὶ
966 3281 1017 3364 τὴν
1041 3275 1177 3365 ἐκλογην,
1208 3276 1280 3365 ὑπὲρ
1305 3278 1344 3344 ὧν

171 3386 264 3457 πολὺς
295 3380 407 3465 ἐγένετο
437 3385 609 3471 φιλοσόφοις
639 3405 670 3446 τε
697 3386 748 3447 καὶ
770 3380 937 3470 ῥητορικοῖς
960 3382 1081 3468 ἀνδράσι
1104 3384 1202 3466 λόγος,
1231 3410 1250 3474 η
1274 3385 1343 3451 συν-

171 3494 265 3576 θεσις,
297 3490 432 3575 δευτέραν
462 3489 578 3576 ἔχουσα
608 3494 712 3576 χώραν
745 3500 782 3574 τη
813 3490 890 3563 τάξει
920 3494 971 3554 καὶ
1002 3493 1096 3571 λόγων
1129 3489 1197 3556 ουδὲ
1230 3496 1343 3558 πολλου

172 3597 216 3663 δεῖ
245 3608 301 3661 τῶν
327 3596 398 3661 ἴσων
433 3594 530 3681 ἐκείνη
560 3606 706 3683 τυχοῦσα,
744 3600 887 3684 τοσαυτην
918 3594 1003 3683 ἰσχὺν
1033 3598 1097 3684 ἔχει
1130 3596 1182 3664 καὶ
1215 3601 1343 3687 δυναμιν,

172 3702 245 3769 ὥστε
267 3714 406 3790 περιεῖναι
428 3709 542 3767 πάντων
565 3715 621 3766 των
644 3702 758 3790 ἐκείνης
781 3702 874 3787 ἔργων
896 3708 948 3767 καὶ
963 3716 1090 3789 κρατεῖν,
1115 3705 1342 3792 ἐνῖλυμουμενος,

172 3810 214 3877 ὅτι
236 3815 289 3875 καὶ
312 3807 342 3875 αἱ
364 3815 430 3896 περὶ
452 3822 508 3874 τῶν
531 3811 631 3875 ἄλλων
654 3822 773 3896 τεχνῶν,
806 3808 875 3875 ὅσαι
897 3811 1055 3899 διαφόρους
1077 3809 1152 3886 ὔλας
1175 3816 1345 3899 λαμβανου-

172 3941 223 3983 σαι
252 3921 440 4005 συμφορητὸν
470 3916 506 3981 ἐκ
534 3914 641 3982 τούτων
672 3927 785 3981 ποιοῦσι
816 3921 848 3980 τὸ
878 3918 971 3997 τέλος,
993 3967 1099 3986 .....
1124 3916 1154 3983 αἱ
1177 3916 1346 3983 συνθετικαὶ

172 4027 309 4112 δυνάμεις
330 4035 366 4109 τη
398 4029 451 4111 μὲν
479 4022 557 4099 τάξει
586 4025 716 4109 δευτεραι
740 4035 795 4087 των
818 4025 996 4088 ἐκλεκτικῶν
1018 4022 1082 4100 εἱσι,
1112 4036 1148 4110 τη
1171 4026 1204 4089 δέ
1227 4025 1346 4113 δυνάμει

263 4165 290 4236 *l
310 4168 448 4223 simillima
467 4174 532 4223 sunt
552 4170 635 4223 verba
654 4169 687 4222 de
709 4169 782 4221 Dein.
803 4185 825 4221 c.
844 4168 893 4222 58:
915 4169 958 4221 ἐὰν
984 4168 1054 4238 σώζη
1074 4171 1100 4220 τὸ
1120 4167 1244 4238 δαιμόνιον
1262 4172 1342 4244 ἡμᾶς,

173 4274 205 4312 ex
226 4257 326 4327 quibus
348 4274 443 4312 vereor
462 4265 491 4312 ui
511 4259 608 4313 merito
621 4258 663 4311 W.
684 4256 811 4312 Christ
829 4257 945 4325 (Griech.
966 4259 1139 4327 Litteraturg.
1160 4277 1185 4328 p.
1199 4261 1262 4328 im)
1283 4278 1344 4315 con·

174 4345 268 4406 iecerit
287 4347 447 4417 Dionysium
467 4350 540 4403 hunc
558 4350 657 4403 librum
677 4363 767 4401 senem
789 4348 983 4418 composuisse.
