<?xml version="1.0" encoding="UTF-8"?>
<!DOCTYPE html PUBLIC "-//W3C//DTD XHTML 1.0 Transitional//EN"
    "http://www.w3.org/TR/xhtml1/DTD/xhtml1-transitional.dtd">
<html xmlns="http://www.w3.org/1999/xhtml" xml:lang="en" lang="en">
 <head>
  <title>
</title>
<meta http-equiv="Content-Type" content="text/html;charset=utf-8" />
  <meta name='ocr-system' content='tesseract 3.04.00' />
  <meta name='ocr-capabilities' content='ocr_page ocr_carea ocr_par ocr_line ocrx_word'/>
</head>
<body>
  <div class='ocr_page' id='page_1' title='image "./dedionysiihalic00ammogoog_0091.png"; bbox 0 0 3100 4809; ppageno 0'>
   <div class='ocr_carea' id='block_1_1' title="bbox 687 234 905 300">
    <p class='ocr_par' dir='ltr' id='par_1_1' title="bbox 687 234 905 300">
     <span class='ocr_line' id='line_1_1' title="bbox 687 234 905 300; baseline 0 -19"><span class='ocrx_word' id='word_1_1' title='bbox 687 234 905 300; x_wconf 73' lang='lat'>..81-</span> 
     </span>
    </p>
   </div>
   <div class='ocr_carea' id='block_1_2' title="bbox 133 412 1430 4122">
    <p class='ocr_par' dir='ltr' id='par_1_2' title="bbox 149 412 1385 2201">
     <span class='ocr_line' id='line_1_2' title="bbox 295 412 1378 496; baseline 0.003 -19"><span class='ocrx_word' id='word_1_2' title='bbox 295 412 442 491; x_wconf 87' lang='lat' dir='ltr'>Quorum</span> <span class='ocrx_word' id='word_1_3' title='bbox 467 413 652 478; x_wconf 89' lang='lat' dir='ltr'>studiorum</span> <span class='ocrx_word' id='word_1_4' title='bbox 677 415 841 495; x_wconf 81' lang='lat' dir='ltr'>quantum</span> <span class='ocrx_word' id='word_1_5' title='bbox 866 413 897 475; x_wconf 89' lang='lat' dir='ltr'>in</span> <span class='ocrx_word' id='word_1_6' title='bbox 916 412 1062 496; x_wconf 81' lang='lat' dir='ltr'>Dionysii</span> <span class='ocrx_word' id='word_1_7' title='bbox 1078 412 1178 477; x_wconf 85' lang='lat' dir='ltr'>libros</span> <span class='ocrx_word' id='word_1_8' title='bbox 1195 414 1378 480; x_wconf 81' lang='lat' dir='ltr'>rhetoricos</span> 
     </span>
     <span class='ocr_line' id='line_1_3' title="bbox 206 519 1380 606; baseline 0.001 -20"><span class='ocrx_word' id='word_1_9' title='bbox 206 522 410 597; x_wconf 68' lang='lat' dir='ltr'>redundarit,</span> <span class='ocrx_word' id='word_1_10' title='bbox 442 521 508 584; x_wconf 83' lang='lat' dir='ltr'>iam</span> <span class='ocrx_word' id='word_1_11' title='bbox 540 519 771 603; x_wconf 80' lang='lat' dir='ltr'>quaerendum</span> <span class='ocrx_word' id='word_1_12' title='bbox 803 522 863 583; x_wconf 83' lang='lat' dir='ltr'>est.</span> <span class='ocrx_word' id='word_1_13' title='bbox 910 519 1087 602; x_wconf 81' lang='lat' dir='ltr'>Disputare</span> <span class='ocrx_word' id='word_1_14' title='bbox 1118 520 1181 583; x_wconf 87' lang='lat' dir='ltr'>sibi</span> <span class='ocrx_word' id='word_1_15' title='bbox 1204 522 1380 606; x_wconf 88' lang='lat' dir='ltr'>Dionysius</span> 
     </span>
     <span class='ocr_line' id='line_1_4' title="bbox 206 621 1382 712; baseline -0.002 -21"><span class='ocrx_word' id='word_1_16' title='bbox 206 629 429 712; x_wconf 69' lang='lat' dir='ltr'>proposuerat</span> <span class='ocrx_word' id='word_1_17' title='bbox 460 621 536 710; x_wconf 87' lang='grc' dir='ltr'>(περί</span> <span class='ocrx_word' id='word_1_18' title='bbox 568 649 592 690; x_wconf 93' lang='grc' dir='ltr'>τ.</span> <span class='ocrx_word' id='word_1_19' title='bbox 617 623 689 710; x_wconf 81' lang='grc' dir='ltr'>ἀρχ.</span> <span class='ocrx_word' id='word_1_20' title='bbox 720 626 826 709; x_wconf 82' lang='lat' dir='ltr'>praef.</span> <span class='ocrx_word' id='word_1_21' title='bbox 859 645 886 689; x_wconf 89' lang='lat' dir='ltr'>c.</span> <span class='ocrx_word' id='word_1_22' title='bbox 918 626 994 708; x_wconf 72' lang='lat' dir='ltr'>lp.</span> <span class='ocrx_word' id='word_1_23' title='bbox 1019 626 1084 690; x_wconf 76' lang='lat'>450</span> <span class='ocrx_word' id='word_1_24' title='bbox 1108 627 1168 706; x_wconf 88' lang='lat' dir='ltr'>R):</span> <span class='ocrx_word' id='word_1_25' title='bbox 1201 623 1285 700; x_wconf 84' lang='grc' dir='ltr'>Τίνες</span> <span class='ocrx_word' id='word_1_26' title='bbox 1313 624 1382 690; x_wconf 83' lang='grc' dir='ltr'>είσὶν</span> 
     </span>
     <span class='ocr_line' id='line_1_5' title="bbox 205 728 1381 821; baseline 0.001 -25"><span class='ocrx_word' id='word_1_27' title='bbox 205 729 251 820; x_wconf 78' lang='lat' dir='ltr'>&lt;oi</span> <span class='ocrx_word' id='word_1_28' title='bbox 275 731 382 803; x_wconf 87' lang='lat' dir='ltr'>addo&gt;</span> <span class='ocrx_word' id='word_1_29' title='bbox 412 731 637 813; x_wconf 76' lang='grc' dir='ltr'>ἀξιολογώτατοι</span> <span class='ocrx_word' id='word_1_30' title='bbox 666 742 721 794; x_wconf 86' lang='grc' dir='ltr'>των</span> <span class='ocrx_word' id='word_1_31' title='bbox 744 730 879 817; x_wconf 84' lang='grc' dir='ltr'>άρχαίων</span> <span class='ocrx_word' id='word_1_32' title='bbox 902 728 1033 818; x_wconf 79' lang='grc' dir='ltr'>ῥητόρων</span> <span class='ocrx_word' id='word_1_33' title='bbox 1056 755 1086 794; x_wconf 93' lang='grc' dir='ltr'>τε</span> <span class='ocrx_word' id='word_1_34' title='bbox 1115 736 1168 795; x_wconf 85' lang='grc' dir='ltr'>καί</span> <span class='ocrx_word' id='word_1_35' title='bbox 1190 742 1381 821; x_wconf 72' lang='grc' dir='ltr'>συγγραφέων</span> 
     </span>
     <span class='ocr_line' id='line_1_6' title="bbox 204 835 1381 923; baseline 0 -20"><span class='ocrx_word' id='word_1_36' title='bbox 204 843 257 903; x_wconf 84' lang='grc' dir='ltr'>καὶ</span> <span class='ocrx_word' id='word_1_37' title='bbox 279 836 353 911; x_wconf 81' lang='grc' dir='ltr'>τίνες</span> <span class='ocrx_word' id='word_1_38' title='bbox 375 835 469 902; x_wconf 81' lang='grc' dir='ltr'>αότων</span> <span class='ocrx_word' id='word_1_39' title='bbox 494 837 623 920; x_wconf 89' lang='grc' dir='ltr'>ἐγένοντο</span> <span class='ocrx_word' id='word_1_40' title='bbox 646 846 833 923; x_wconf 74' lang='grc' dir='ltr'>προαιρέσεις</span> <span class='ocrx_word' id='word_1_41' title='bbox 854 848 904 901; x_wconf 81' lang='grc' dir='ltr'>τοῦ</span> <span class='ocrx_word' id='word_1_42' title='bbox 928 862 958 901; x_wconf 93' lang='grc' dir='ltr'>τε</span> <span class='ocrx_word' id='word_1_43' title='bbox 981 840 1046 920; x_wconf 81' lang='grc' dir='ltr'>βίου</span> <span class='ocrx_word' id='word_1_44' title='bbox 1068 841 1120 901; x_wconf 86' lang='grc' dir='ltr'>καί</span> <span class='ocrx_word' id='word_1_45' title='bbox 1143 848 1193 903; x_wconf 84' lang='grc' dir='ltr'>τοῦ</span> <span class='ocrx_word' id='word_1_46' title='bbox 1217 837 1307 921; x_wconf 92' lang='grc' dir='ltr'>λόγου</span> <span class='ocrx_word' id='word_1_47' title='bbox 1330 837 1381 903; x_wconf 84' lang='grc' dir='ltr'>καί</span> 
     </span>
     <span class='ocr_line' id='line_1_7' title="bbox 204 943 1381 1033; baseline 0.001 -24"><span class='ocrx_word' id='word_1_48' title='bbox 204 950 230 1009; x_wconf 93' lang='grc' dir='ltr'>τί</span> <span class='ocrx_word' id='word_1_49' title='bbox 253 945 321 1029; x_wconf 88' lang='grc' dir='ltr'>παρ’</span> <span class='ocrx_word' id='word_1_50' title='bbox 346 943 472 1008; x_wconf 75' lang='grc' dir='ltr'>ἑκάστου</span> <span class='ocrx_word' id='word_1_51' title='bbox 489 946 533 1008; x_wconf 90' lang='grc' dir='ltr'>δεῖ</span> <span class='ocrx_word' id='word_1_52' title='bbox 546 948 704 1031; x_wconf 84' lang='grc' dir='ltr'>λαμβάνειν</span> <span class='ocrx_word' id='word_1_53' title='bbox 719 943 739 1029; x_wconf 80' lang='grc' dir='ltr'>ἢ</span> <span class='ocrx_word' id='word_1_54' title='bbox 763 943 994 1032; x_wconf 78' lang='grc' dir='ltr'>μυλάττεσθαι*)</span> <span class='ocrx_word' id='word_1_55' title='bbox 1009 995 1016 1012; x_wconf 92' lang='grc'><strong>.</strong></span> <span class='ocrx_word' id='word_1_56' title='bbox 1031 994 1038 1008; x_wconf 95' lang='grc'><strong><em>.</em></strong></span> <span class='ocrx_word' id='word_1_57' title='bbox 1054 998 1060 1011; x_wconf 91' lang='grc'><strong>.</strong></span> <span class='ocrx_word' id='word_1_58' title='bbox 1085 956 1141 1008; x_wconf 83' lang='grc' dir='ltr'>των</span> <span class='ocrx_word' id='word_1_59' title='bbox 1157 945 1189 1007; x_wconf 83' lang='grc' dir='ltr'>δὲ</span> <span class='ocrx_word' id='word_1_60' title='bbox 1205 943 1335 1033; x_wconf 73' lang='grc' dir='ltr'>ῥητόρων</span> <span class='ocrx_word' id='word_1_61' title='bbox 1351 970 1381 1010; x_wconf 90' lang='grc' dir='ltr'>τε</span> 
     </span>
     <span class='ocr_line' id='line_1_8' title="bbox 205 1048 1381 1139; baseline 0.002 -23"><span class='ocrx_word' id='word_1_62' title='bbox 205 1048 258 1116; x_wconf 87' lang='grc' dir='ltr'>καί</span> <span class='ocrx_word' id='word_1_63' title='bbox 280 1056 473 1139; x_wconf 69' lang='grc' dir='ltr'>συγγραφέων</span> <span class='ocrx_word' id='word_1_64' title='bbox 505 1048 575 1136; x_wconf 76' lang='grc' dir='ltr'>ὑπὲρ</span> <span class='ocrx_word' id='word_1_65' title='bbox 606 1050 645 1114; x_wconf 84' lang='grc' dir='ltr'>ὧν</span> <span class='ocrx_word' id='word_1_66' title='bbox 668 1049 684 1115; x_wconf 88' lang='grc' dir='ltr'>ό</span> <span class='ocrx_word' id='word_1_67' title='bbox 708 1052 798 1133; x_wconf 88' lang='grc' dir='ltr'>λόγος</span> <span class='ocrx_word' id='word_1_68' title='bbox 827 1052 944 1114; x_wconf 80' lang='grc' dir='ltr'>πολλῶν</span> <span class='ocrx_word' id='word_1_69' title='bbox 967 1056 1043 1114; x_wconf 90' lang='grc' dir='ltr'>πάνυ</span> <span class='ocrx_word' id='word_1_70' title='bbox 1066 1050 1154 1115; x_wconf 89' lang='grc' dir='ltr'>όντων</span> <span class='ocrx_word' id='word_1_71' title='bbox 1182 1056 1234 1116; x_wconf 83' lang='grc' dir='ltr'>καί</span> <span class='ocrx_word' id='word_1_72' title='bbox 1258 1053 1381 1135; x_wconf 76' lang='grc' dir='ltr'>άγοιδων</span> 
     </span>
     <span class='ocr_line' id='line_1_9' title="bbox 207 1156 1381 1246; baseline 0.001 -23"><span class='ocrx_word' id='word_1_73' title='bbox 207 1164 239 1223; x_wconf 88' lang='grc' dir='ltr'>τὸ</span> <span class='ocrx_word' id='word_1_74' title='bbox 270 1162 322 1245; x_wconf 83' lang='grc' dir='ltr'>μὲν</span> <span class='ocrx_word' id='word_1_75' title='bbox 353 1156 424 1242; x_wconf 75' lang='grc' dir='ltr'>ὑπὲρ</span> <span class='ocrx_word' id='word_1_76' title='bbox 456 1158 590 1222; x_wconf 83' lang='grc' dir='ltr'>ἁπάντων</span> <span class='ocrx_word' id='word_1_77' title='bbox 620 1166 740 1246; x_wconf 79' lang='grc' dir='ltr'>γράφειν</span> <span class='ocrx_word' id='word_1_78' title='bbox 772 1168 888 1244; x_wconf 72' lang='grc' dir='ltr'>μακροί)</span> <span class='ocrx_word' id='word_1_79' title='bbox 918 1160 1009 1239; x_wconf 82' lang='grc' dir='ltr'>λόγου</span> <span class='ocrx_word' id='word_1_80' title='bbox 1032 1156 1169 1244; x_wconf 86' lang='grc' dir='ltr'>δεόμενον</span> <span class='ocrx_word' id='word_1_81' title='bbox 1191 1156 1266 1243; x_wconf 85' lang='grc' dir='ltr'>ὁρων</span> <span class='ocrx_word' id='word_1_82' title='bbox 1290 1158 1381 1241; x_wconf 86' lang='grc' dir='ltr'>ἐάσω,</span> 
     </span>
     <span class='ocr_line' id='line_1_10' title="bbox 207 1263 1383 1353; baseline 0.002 -24"><span class='ocrx_word' id='word_1_83' title='bbox 207 1269 273 1338; x_wconf 81' lang='grc' dir='ltr'>τοὺς</span> <span class='ocrx_word' id='word_1_84' title='bbox 301 1267 332 1328; x_wconf 85' lang='grc' dir='ltr'>δέ</span> <span class='ocrx_word' id='word_1_85' title='bbox 355 1273 566 1352; x_wconf 81' lang='grc' dir='ltr'>χαριεστάτους</span> <span class='ocrx_word' id='word_1_86' title='bbox 597 1265 627 1339; x_wconf 78' lang='grc' dir='ltr'>ἐξ</span> <span class='ocrx_word' id='word_1_87' title='bbox 658 1269 751 1329; x_wconf 81' lang='grc' dir='ltr'>αὺτων</span> <span class='ocrx_word' id='word_1_88' title='bbox 782 1263 1044 1350; x_wconf 84' lang='grc' dir='ltr'>προχειρισάμενος</span> <span class='ocrx_word' id='word_1_89' title='bbox 1072 1270 1151 1329; x_wconf 84' lang='grc' dir='ltr'>κατὰ</span> <span class='ocrx_word' id='word_1_90' title='bbox 1180 1270 1233 1338; x_wconf 85' lang='grc' dir='ltr'>τὰς</span> <span class='ocrx_word' id='word_1_91' title='bbox 1264 1265 1383 1353; x_wconf 76' lang='grc' dir='ltr'>ἡλικίας</span> 
     </span>
     <span class='ocr_line' id='line_1_11' title="bbox 208 1369 1382 1459; baseline 0.003 -25"><span class='ocrx_word' id='word_1_92' title='bbox 208 1370 266 1457; x_wconf 83' lang='grc' dir='ltr'>ἐρω</span> <span class='ocrx_word' id='word_1_93' title='bbox 288 1377 353 1458; x_wconf 89' lang='grc' dir='ltr'>περί</span> <span class='ocrx_word' id='word_1_94' title='bbox 376 1371 520 1439; x_wconf 80' lang='grc' dir='ltr'>ἑκάστου·</span> <span class='ocrx_word' id='word_1_95' title='bbox 546 1385 606 1437; x_wconf 83' lang='grc' dir='ltr'>νυν</span> <span class='ocrx_word' id='word_1_96' title='bbox 629 1378 694 1458; x_wconf 84' lang='grc' dir='ltr'>μὲν</span> <span class='ocrx_word' id='word_1_97' title='bbox 718 1376 806 1456; x_wconf 85' lang='grc' dir='ltr'>περὶ</span> <span class='ocrx_word' id='word_1_98' title='bbox 830 1383 899 1435; x_wconf 85' lang='grc' dir='ltr'>των</span> <span class='ocrx_word' id='word_1_99' title='bbox 922 1369 1115 1458; x_wconf 77' lang='grc' dir='ltr'>ῥητόρων,</span> <span class='ocrx_word' id='word_1_100' title='bbox 1140 1370 1190 1436; x_wconf 86' lang='grc' dir='ltr'>ἐὰν</span> <span class='ocrx_word' id='word_1_101' title='bbox 1208 1374 1233 1434; x_wconf 89' lang='grc' dir='ltr'>δ’</span> <span class='ocrx_word' id='word_1_102' title='bbox 1252 1371 1382 1459; x_wconf 72' lang='grc' dir='ltr'>ἐγχωρῇ,</span> 
     </span>
     <span class='ocr_line' id='line_1_12' title="bbox 205 1474 1383 1565; baseline 0.002 -23"><span class='ocrx_word' id='word_1_103' title='bbox 205 1484 255 1543; x_wconf 88' lang='grc' dir='ltr'>καὶ</span> <span class='ocrx_word' id='word_1_104' title='bbox 272 1477 581 1565; x_wconf 83' lang='grc' dir='ltr'>περὶτωνίστορικων.</span> <span class='ocrx_word' id='word_1_105' title='bbox 604 1480 757 1543; x_wconf 79' lang='grc' dir='ltr'>ἔσονται</span> <span class='ocrx_word' id='word_1_106' title='bbox 783 1479 819 1541; x_wconf 82' lang='grc' dir='ltr'>δέ</span> <span class='ocrx_word' id='word_1_107' title='bbox 843 1474 951 1563; x_wconf 82' lang='grc' dir='ltr'>οἱμὲν</span> <span class='ocrx_word' id='word_1_108' title='bbox 974 1479 1383 1565; x_wconf 81' lang='grc' dir='ltr'>παραλαμβανόμενοι</span> 
     </span>
     <span class='ocr_line' id='line_1_13' title="bbox 208 1581 1383 1673; baseline 0.003 -25"><span class='ocrx_word' id='word_1_109' title='bbox 208 1583 373 1670; x_wconf 78' lang='grc' dir='ltr'>ῥ’τορες</span> <span class='ocrx_word' id='word_1_110' title='bbox 402 1596 507 1671; x_wconf 84' lang='grc' dir='ltr'>τρεῖς</span> <span class='ocrx_word' id='word_1_111' title='bbox 538 1590 602 1673; x_wconf 83' lang='grc' dir='ltr'>μὲν</span> <span class='ocrx_word' id='word_1_112' title='bbox 636 1581 678 1648; x_wconf 91' lang='grc' dir='ltr'>ἐκ</span> <span class='ocrx_word' id='word_1_113' title='bbox 711 1597 783 1647; x_wconf 80' lang='grc' dir='ltr'>των</span> <span class='ocrx_word' id='word_1_114' title='bbox 808 1587 1079 1668; x_wconf 78' lang='grc' dir='ltr'>πρεσβυτέρων</span> <span class='ocrx_word' id='word_1_115' title='bbox 1102 1583 1267 1665; x_wconf 88' lang='grc' dir='ltr'>Λυσίας,</span> <span class='ocrx_word' id='word_1_116' title='bbox 1293 1585 1383 1651; x_wconf 87' lang='grc' dir='ltr'>Ἰσο-</span> 
     </span>
     <span class='ocr_line' id='line_1_14' title="bbox 208 1688 1384 1777; baseline 0.003 -23"><span class='ocrx_word' id='word_1_117' title='bbox 208 1691 372 1777; x_wconf 78' lang='grc' dir='ltr'>κράτης,</span> <span class='ocrx_word' id='word_1_118' title='bbox 398 1693 557 1765; x_wconf 86' lang='grc' dir='ltr'>Ἰσαῖος·</span> <span class='ocrx_word' id='word_1_119' title='bbox 583 1703 691 1777; x_wconf 78' lang='grc' dir='ltr'>τρεῖς</span> <span class='ocrx_word' id='word_1_120' title='bbox 715 1693 740 1753; x_wconf 83' lang='grc' dir='ltr'>δ’</span> <span class='ocrx_word' id='word_1_121' title='bbox 766 1689 810 1754; x_wconf 93' lang='grc' dir='ltr'>ἐκ</span> <span class='ocrx_word' id='word_1_122' title='bbox 833 1702 903 1753; x_wconf 86' lang='grc' dir='ltr'>των</span> <span class='ocrx_word' id='word_1_123' title='bbox 928 1688 1216 1777; x_wconf 81' lang='grc' dir='ltr'>ἐπακμασάντων</span> <span class='ocrx_word' id='word_1_124' title='bbox 1246 1697 1384 1767; x_wconf 83' lang='grc' dir='ltr'>τοότοις</span> 
     </span>
     <span class='ocr_line' id='line_1_15' title="bbox 149 1795 1383 1887; baseline 0.001 -25"><span class='ocrx_word' id='word_1_125' title='bbox 149 1863 151 1869; x_wconf 61' lang='grc'><strong>,</strong></span> <span class='ocrx_word' id='word_1_126' title='bbox 209 1797 763 1887; x_wconf 51' lang='grc' dir='ltr'>Δημοσθένης,,ιὙπερείδης,</span> <span class='ocrx_word' id='word_1_127' title='bbox 795 1795 1006 1883; x_wconf 76' lang='grc' dir='ltr'>Αἰσχίνης,</span> <span class='ocrx_word' id='word_1_128' title='bbox 1038 1797 1089 1870; x_wconf 74' lang='grc' dir='ltr'>οδς</span> <span class='ocrx_word' id='word_1_129' title='bbox 1123 1795 1181 1879; x_wconf 86' lang='grc' dir='ltr'>ἐγὼ</span> <span class='ocrx_word' id='word_1_130' title='bbox 1203 1810 1260 1863; x_wconf 88' lang='grc' dir='ltr'>των</span> <span class='ocrx_word' id='word_1_131' title='bbox 1284 1799 1383 1863; x_wconf 86' lang='grc' dir='ltr'>άλλων</span> 
     </span>
     <span class='ocr_line' id='line_1_16' title="bbox 208 1903 1384 1993; baseline 0.001 -25"><span class='ocrx_word' id='word_1_132' title='bbox 208 1904 337 1993; x_wconf 77' lang='grc' dir='ltr'>ἡγοῦμαι</span> <span class='ocrx_word' id='word_1_133' title='bbox 359 1910 538 1988; x_wconf 82' lang='grc' dir='ltr'>κρατίστους.</span> <span class='ocrx_word' id='word_1_134' title='bbox 585 1908 632 1971; x_wconf 89' lang='lat' dir='ltr'>De</span> <span class='ocrx_word' id='word_1_135' title='bbox 658 1909 751 1971; x_wconf 82' lang='lat' dir='ltr'>isaeo</span> <span class='ocrx_word' id='word_1_136' title='bbox 775 1907 842 1970; x_wconf 85' lang='lat' dir='ltr'>iud.</span> <span class='ocrx_word' id='word_1_137' title='bbox 867 1907 923 1969; x_wconf 86' lang='lat' dir='ltr'>fin.</span> <span class='ocrx_word' id='word_1_138' title='bbox 950 1928 979 1989; x_wconf 88' lang='lat' dir='ltr'>p.</span> <span class='ocrx_word' id='word_1_139' title='bbox 999 1908 1062 1970; x_wconf 81' lang='lat'>629</span> <span class='ocrx_word' id='word_1_140' title='bbox 1087 1907 1134 1971; x_wconf 89' lang='lat' dir='ltr'>R:</span> <span class='ocrx_word' id='word_1_141' title='bbox 1159 1903 1258 1991; x_wconf 79' lang='grc' dir='ltr'>ἡγὰρ</span> <span class='ocrx_word' id='word_1_142' title='bbox 1282 1907 1319 1993; x_wconf 81' lang='grc' dir='ltr'>δη</span> <span class='ocrx_word' id='word_1_143' title='bbox 1343 1930 1384 1970; x_wconf 83' lang='grc' dir='ltr'>τε·</span> 
     </span>
     <span class='ocr_line' id='line_1_17' title="bbox 210 2009 1385 2098; baseline 0.001 -23"><span class='ocrx_word' id='word_1_144' title='bbox 210 2014 344 2097; x_wconf 88' lang='grc' dir='ltr'>λειοτάτη</span> <span class='ocrx_word' id='word_1_145' title='bbox 377 2009 517 2098; x_wconf 75' lang='grc' dir='ltr'>ῥητορικὴ</span> <span class='ocrx_word' id='word_1_146' title='bbox 548 2015 599 2075; x_wconf 83' lang='grc' dir='ltr'>καί</span> <span class='ocrx_word' id='word_1_147' title='bbox 631 2016 663 2074; x_wconf 85' lang='grc' dir='ltr'>τό</span> <span class='ocrx_word' id='word_1_148' title='bbox 693 2018 804 2096; x_wconf 89' lang='grc' dir='ltr'>κράτος</span> <span class='ocrx_word' id='word_1_149' title='bbox 826 2023 882 2073; x_wconf 87' lang='grc' dir='ltr'>των</span> <span class='ocrx_word' id='word_1_150' title='bbox 911 2009 1071 2092; x_wconf 72' lang='grc' dir='ltr'>ἐναγωνίων</span> <span class='ocrx_word' id='word_1_151' title='bbox 1094 2012 1189 2092; x_wconf 91' lang='grc' dir='ltr'>λόγων</span> <span class='ocrx_word' id='word_1_152' title='bbox 1219 2010 1248 2077; x_wconf 85' lang='grc' dir='ltr'>έν</span> <span class='ocrx_word' id='word_1_153' title='bbox 1275 2016 1385 2086; x_wconf 87' lang='grc' dir='ltr'>τοότοις</span> 
     </span>
     <span class='ocr_line' id='line_1_18' title="bbox 210 2115 646 2201; baseline -0.002 -21"><span class='ocrx_word' id='word_1_154' title='bbox 210 2127 271 2189; x_wconf 82' lang='grc' dir='ltr'>τοῖς</span> <span class='ocrx_word' id='word_1_155' title='bbox 293 2116 428 2201; x_wconf 83' lang='grc' dir='ltr'>ἀνδράσιν</span> <span class='ocrx_word' id='word_1_156' title='bbox 451 2117 544 2180; x_wconf 85' lang='grc' dir='ltr'>’έοικεν</span> <span class='ocrx_word' id='word_1_157' title='bbox 568 2115 646 2181; x_wconf 79' lang='grc' dir='ltr'>εἶναι.</span> 
     </span>
    </p>

    <p class='ocr_par' dir='ltr' id='par_1_3' title="bbox 209 2225 1430 2951">
     <span class='ocr_line' id='line_1_19' title="bbox 300 2225 1385 2311; baseline 0.005 -23"><span class='ocrx_word' id='word_1_158' title='bbox 300 2225 386 2302; x_wconf 84' lang='lat' dir='ltr'>Quid</span> <span class='ocrx_word' id='word_1_159' title='bbox 417 2226 594 2308; x_wconf 86' lang='lat' dir='ltr'>Dionysius</span> <span class='ocrx_word' id='word_1_160' title='bbox 626 2226 659 2288; x_wconf 92' lang='lat' dir='ltr'>in</span> <span class='ocrx_word' id='word_1_161' title='bbox 692 2226 742 2288; x_wconf 89' lang='lat' dir='ltr'>his</span> <span class='ocrx_word' id='word_1_162' title='bbox 774 2247 832 2289; x_wconf 82' lang='lat' dir='ltr'>sex</span> <span class='ocrx_word' id='word_1_163' title='bbox 857 2227 1045 2290; x_wconf 76' lang='lat' dir='ltr'>oratoribus</span> <span class='ocrx_word' id='word_1_164' title='bbox 1071 2226 1229 2308; x_wconf 80' lang='lat' dir='ltr'>eligendis</span> <span class='ocrx_word' id='word_1_165' title='bbox 1253 2231 1385 2311; x_wconf 83' lang='lat' dir='ltr'>speeta-</span> 
     </span>
     <span class='ocr_line' id='line_1_20' title="bbox 210 2332 1384 2417; baseline 0 -22"><span class='ocrx_word' id='word_1_166' title='bbox 210 2333 303 2404; x_wconf 88' lang='lat' dir='ltr'>verit,</span> <span class='ocrx_word' id='word_1_167' title='bbox 328 2332 407 2396; x_wconf 79' lang='lat' dir='ltr'>salis</span> <span class='ocrx_word' id='word_1_168' title='bbox 432 2333 619 2397; x_wconf 69' lang='lat' dir='ltr'>luculenter</span> <span class='ocrx_word' id='word_1_169' title='bbox 643 2333 739 2396; x_wconf 80' lang='lat' dir='ltr'>docet</span> <span class='ocrx_word' id='word_1_170' title='bbox 762 2333 803 2396; x_wconf 88' lang='lat' dir='ltr'>de</span> <span class='ocrx_word' id='word_1_171' title='bbox 831 2333 903 2395; x_wconf 86' lang='lat' dir='ltr'>Dio.</span> <span class='ocrx_word' id='word_1_172' title='bbox 929 2334 993 2397; x_wconf 90' lang='lat' dir='ltr'>ind.</span> <span class='ocrx_word' id='word_1_173' title='bbox 1020 2354 1046 2397; x_wconf 86' lang='lat' dir='ltr'>e.</span> <span class='ocrx_word' id='word_1_174' title='bbox 1070 2336 1082 2396; x_wconf 96' lang='lat' dir='ltr'>l</span> <span class='ocrx_word' id='word_1_175' title='bbox 1109 2356 1142 2416; x_wconf 85' lang='lat' dir='ltr'>p.</span> <span class='ocrx_word' id='word_1_176' title='bbox 1160 2337 1223 2399; x_wconf 75' lang='grc'>629</span> <span class='ocrx_word' id='word_1_177' title='bbox 1248 2335 1296 2397; x_wconf 79' lang='lat' dir='ltr'>R:</span> <span class='ocrx_word' id='word_1_178' title='bbox 1321 2332 1384 2417; x_wconf 89' lang='grc' dir='ltr'>Περ</span> 
     </span>
     <span class='ocr_line' id='line_1_21' title="bbox 209 2434 1385 2525; baseline 0.001 -24"><span class='ocrx_word' id='word_1_179' title='bbox 209 2436 373 2523; x_wconf 87' lang='grc' dir='ltr'>Δεινάρχου</span> <span class='ocrx_word' id='word_1_180' title='bbox 396 2447 445 2501; x_wconf 82' lang='grc' dir='ltr'>που</span> <span class='ocrx_word' id='word_1_181' title='bbox 469 2435 593 2523; x_wconf 75' lang='grc' dir='ltr'>ῥήτορος</span> <span class='ocrx_word' id='word_1_182' title='bbox 615 2434 698 2500; x_wconf 71' lang='grc' dir='ltr'>οὐδὲν</span> <span class='ocrx_word' id='word_1_183' title='bbox 724 2434 851 2523; x_wconf 75' lang='grc' dir='ltr'>εἰρηκὼς</span> <span class='ocrx_word' id='word_1_184' title='bbox 875 2435 904 2500; x_wconf 86' lang='grc' dir='ltr'>ἐν</span> <span class='ocrx_word' id='word_1_185' title='bbox 928 2449 989 2511; x_wconf 88' lang='grc' dir='ltr'>τοῖς</span> <span class='ocrx_word' id='word_1_186' title='bbox 1010 2442 1076 2523; x_wconf 83' lang='grc' dir='ltr'>περὶ</span> <span class='ocrx_word' id='word_1_187' title='bbox 1091 2450 1146 2500; x_wconf 85' lang='grc' dir='ltr'>των</span> <span class='ocrx_word' id='word_1_188' title='bbox 1162 2438 1295 2525; x_wconf 86' lang='grc' dir='ltr'>ἀρχαίων</span> <span class='ocrx_word' id='word_1_189' title='bbox 1310 2463 1385 2523; x_wconf 90' lang='grc' dir='ltr'>γρα-</span> 
     </span>
     <span class='ocr_line' id='line_1_22' title="bbox 211 2541 1386 2633; baseline 0.002 -26"><span class='ocrx_word' id='word_1_190' title='bbox 211 2553 300 2631; x_wconf 80' lang='grc' dir='ltr'>φεῖσιν</span> <span class='ocrx_word' id='word_1_191' title='bbox 323 2544 389 2606; x_wconf 86' lang='grc' dir='ltr'>διὰ</span> <span class='ocrx_word' id='word_1_192' title='bbox 412 2548 451 2607; x_wconf 85' lang='grc' dir='ltr'>τὸ</span> <span class='ocrx_word' id='word_1_193' title='bbox 475 2550 567 2630; x_wconf 76' lang='grc' dir='ltr'>μήτε</span> <span class='ocrx_word' id='word_1_194' title='bbox 591 2541 755 2629; x_wconf 76' lang='grc' dir='ltr'>ευρετην</span> <span class='ocrx_word' id='word_1_195' title='bbox 777 2542 887 2607; x_wconf 77' lang='grc' dir='ltr'>ἰδίου</span> <span class='ocrx_word' id='word_1_196' title='bbox 904 2550 1107 2626; x_wconf 88' lang='grc' dir='ltr'>γεγονέναι</span> <span class='ocrx_word' id='word_1_197' title='bbox 1128 2558 1386 2633; x_wconf 85' lang='grc' dir='ltr'>χαρακτηρος</span> 
     </span>
     <span class='ocr_line' id='line_1_23' title="bbox 210 2648 1384 2738; baseline 0.003 -25"><span class='ocrx_word' id='word_1_198' title='bbox 210 2654 271 2714; x_wconf 85' lang='grc' dir='ltr'>τόν</span> <span class='ocrx_word' id='word_1_199' title='bbox 295 2650 439 2734; x_wconf 76' lang='grc' dir='ltr'>ἄνδρα,</span> <span class='ocrx_word' id='word_1_200' title='bbox 464 2648 560 2735; x_wconf 76' lang='grc' dir='ltr'>ὥσπερ</span> <span class='ocrx_word' id='word_1_201' title='bbox 584 2656 631 2714; x_wconf 88' lang='grc' dir='ltr'>τόν</span> <span class='ocrx_word' id='word_1_202' title='bbox 648 2650 764 2714; x_wconf 77' lang='grc' dir='ltr'>Λυσίαν</span> <span class='ocrx_word' id='word_1_203' title='bbox 787 2655 903 2714; x_wconf 85' lang='grc' dir='ltr'>καὶτὸν</span> <span class='ocrx_word' id='word_1_204' title='bbox 925 2649 1094 2738; x_wconf 74' lang='grc' dir='ltr'>Ἰσοκράτην</span> <span class='ocrx_word' id='word_1_205' title='bbox 1117 2656 1239 2715; x_wconf 82' lang='grc' dir='ltr'>καὶτὸν</span> <span class='ocrx_word' id='word_1_206' title='bbox 1262 2650 1384 2716; x_wconf 84' lang='grc' dir='ltr'>Ἰσαῖον·</span> 
     </span>
     <span class='ocr_line' id='line_1_24' title="bbox 211 2754 1430 2846; baseline 0.004 -27"><span class='ocrx_word' id='word_1_207' title='bbox 211 2763 305 2844; x_wconf 74' lang='grc' dir='ltr'>μήτε</span> <span class='ocrx_word' id='word_1_208' title='bbox 336 2769 407 2821; x_wconf 81' lang='grc' dir='ltr'>τῶν</span> <span class='ocrx_word' id='word_1_209' title='bbox 447 2754 666 2846; x_wconf 70' lang='grc' dir='ltr'>εὑρημένων</span> <span class='ocrx_word' id='word_1_210' title='bbox 703 2755 858 2843; x_wconf 79' lang='grc' dir='ltr'>ἑτέροις</span> <span class='ocrx_word' id='word_1_211' title='bbox 889 2758 1164 2845; x_wconf 79' lang='grc' dir='ltr'>τελειωτήν,**)</span> <span class='ocrx_word' id='word_1_212' title='bbox 1202 2757 1299 2844; x_wconf 75' lang='grc' dir='ltr'>ὥσπερ</span> <span class='ocrx_word' id='word_1_213' title='bbox 1337 2764 1385 2824; x_wconf 91' lang='grc' dir='ltr'>τὸν</span> <span class='ocrx_word' id='word_1_214' title='bbox 1427 2827 1430 2832; x_wconf 67' lang='grc'>,</span> 
     </span>
     <span class='ocr_line' id='line_1_25' title="bbox 210 2861 1261 2951; baseline 0.007 -25"><span class='ocrx_word' id='word_1_215' title='bbox 210 2861 405 2950; x_wconf 72' lang='grc' dir='ltr'>Δημοσθένην</span> <span class='ocrx_word' id='word_1_216' title='bbox 428 2869 550 2928; x_wconf 84' lang='grc' dir='ltr'>καὶτὸν</span> <span class='ocrx_word' id='word_1_217' title='bbox 575 2862 718 2951; x_wconf 74' lang='grc' dir='ltr'>Αἰσχίνην</span> <span class='ocrx_word' id='word_1_218' title='bbox 741 2870 792 2929; x_wconf 82' lang='grc' dir='ltr'>καὶ</span> <span class='ocrx_word' id='word_1_219' title='bbox 816 2863 985 2951; x_wconf 83' lang='grc' dir='ltr'>Ὑπερείδην</span> <span class='ocrx_word' id='word_1_220' title='bbox 1008 2863 1095 2950; x_wconf 70' lang='grc' dir='ltr'>ἡμεῖς</span> <span class='ocrx_word' id='word_1_221' title='bbox 1117 2870 1261 2951; x_wconf 91' lang='grc' dir='ltr'>κρίνομεν.</span> 
     </span>
    </p>

    <p class='ocr_par' dir='ltr' id='par_1_4' title="bbox 133 2973 1390 4122">
     <span class='ocr_line' id='line_1_26' title="bbox 300 2973 1384 3056; baseline 0.002 -21"><span class='ocrx_word' id='word_1_222' title='bbox 300 2973 453 3037; x_wconf 82' lang='lat' dir='ltr'>Exoritur</span> <span class='ocrx_word' id='word_1_223' title='bbox 477 2973 553 3036; x_wconf 89' lang='lat' dir='ltr'>inde</span> <span class='ocrx_word' id='word_1_224' title='bbox 578 2975 730 3056; x_wconf 84' lang='lat' dir='ltr'>quaestio</span> <span class='ocrx_word' id='word_1_225' title='bbox 755 2974 835 3037; x_wconf 86' lang='lat' dir='ltr'>salis</span> <span class='ocrx_word' id='word_1_226' title='bbox 861 2974 970 3054; x_wconf 78' lang='lat' dir='ltr'>gravis</span> <span class='ocrx_word' id='word_1_227' title='bbox 994 2973 1034 3036; x_wconf 91' lang='lat' dir='ltr'>de</span> <span class='ocrx_word' id='word_1_228' title='bbox 1060 2994 1190 3038; x_wconf 78' lang='lat' dir='ltr'>oenone</span> <span class='ocrx_word' id='word_1_229' title='bbox 1215 2974 1384 3039; x_wconf 82' lang='lat' dir='ltr'>oratorum</span> 
     </span>
     <span class='ocr_line' id='line_1_27' title="bbox 211 3080 1384 3164; baseline 0.002 -21"><span class='ocrx_word' id='word_1_230' title='bbox 211 3081 307 3143; x_wconf 88' lang='lat' dir='ltr'>nohis</span> <span class='ocrx_word' id='word_1_231' title='bbox 341 3082 468 3144; x_wconf 83' lang='lat' dir='ltr'>tantum</span> <span class='ocrx_word' id='word_1_232' title='bbox 499 3081 696 3144; x_wconf 76' lang='lat' dir='ltr'>excutienda</span> <span class='ocrx_word' id='word_1_233' title='bbox 731 3083 895 3162; x_wconf 83' lang='lat' dir='ltr'>quantum</span> <span class='ocrx_word' id='word_1_234' title='bbox 927 3080 970 3143; x_wconf 82' lang='lat' dir='ltr'>ad</span> <span class='ocrx_word' id='word_1_235' title='bbox 1008 3080 1198 3163; x_wconf 87' lang='lat' dir='ltr'>Dionysium</span> <span class='ocrx_word' id='word_1_236' title='bbox 1229 3082 1384 3164; x_wconf 74' lang='lat' dir='ltr'>pertinet,</span> 
     </span>
     <span class='ocr_line' id='line_1_28' title="bbox 211 3186 1385 3269; baseline 0.001 -19"><span class='ocrx_word' id='word_1_237' title='bbox 211 3187 407 3269; x_wconf 80' lang='lat' dir='ltr'>praesertim</span> <span class='ocrx_word' id='word_1_238' title='bbox 433 3206 508 3250; x_wconf 86' lang='lat' dir='ltr'>eum</span> <span class='ocrx_word' id='word_1_239' title='bbox 524 3187 547 3249; x_wconf 93' lang='lat' dir='ltr'>l.</span> <span class='ocrx_word' id='word_1_240' title='bbox 567 3186 755 3249; x_wconf 80' lang='lat' dir='ltr'>Brzoska</span> <span class='ocrx_word' id='word_1_241' title='bbox 781 3188 849 3249; x_wconf 80' lang='lat' dir='ltr'>lota</span> <span class='ocrx_word' id='word_1_242' title='bbox 866 3186 907 3248; x_wconf 92' lang='lat' dir='ltr'>de</span> <span class='ocrx_word' id='word_1_243' title='bbox 931 3186 996 3250; x_wconf 83' lang='lat' dir='ltr'>hac</span> <span class='ocrx_word' id='word_1_244' title='bbox 1020 3207 1055 3249; x_wconf 86' lang='lat' dir='ltr'>re</span> <span class='ocrx_word' id='word_1_245' title='bbox 1073 3187 1169 3250; x_wconf 81' lang='lat' dir='ltr'>docte</span> <span class='ocrx_word' id='word_1_246' title='bbox 1187 3189 1220 3250; x_wconf 90' lang='lat' dir='ltr'>et</span> <span class='ocrx_word' id='word_1_247' title='bbox 1243 3187 1385 3252; x_wconf 82' lang='lat' dir='ltr'>dilucide</span> 
     </span>
     <span class='ocr_line' id='line_1_29' title="bbox 133 3290 1387 3375; baseline 0.002 -20"><span class='ocrx_word' id='word_1_248' title='bbox 133 3367 137 3374; x_wconf 30' lang='grc' dir='ltr'>Ι</span> <span class='ocrx_word' id='word_1_249' title='bbox 211 3290 484 3372; x_wconf 82' lang='lat' dir='ltr'>disseruerit***),</span> <span class='ocrx_word' id='word_1_250' title='bbox 508 3292 619 3375; x_wconf 84' lang='lat' dir='ltr'>Atque</span> <span class='ocrx_word' id='word_1_251' title='bbox 634 3303 797 3356; x_wconf 76' lang='lat' dir='ltr'>canonem</span> <span class='ocrx_word' id='word_1_252' title='bbox 814 3293 962 3355; x_wconf 80' lang='lat' dir='ltr'>deceni</span> <span class='ocrx_word' id='word_1_253' title='bbox 979 3293 1114 3374; x_wconf 84' lang='lat' dir='ltr'>quidem</span> <span class='ocrx_word' id='word_1_254' title='bbox 1127 3297 1295 3357; x_wconf 81' lang='lat' dir='ltr'>oratorum</span> <span class='ocrx_word' id='word_1_255' title='bbox 1310 3296 1387 3357; x_wconf 83' lang='lat' dir='ltr'>onte</span> 
     </span>
     <span class='ocr_line' id='line_1_30' title="bbox 211 3398 1387 3482; baseline 0.002 -21"><span class='ocrx_word' id='word_1_256' title='bbox 211 3399 406 3481; x_wconf 87' lang='lat' dir='ltr'>Dionysium</span> <span class='ocrx_word' id='word_1_257' title='bbox 431 3400 532 3463; x_wconf 85' lang='lat' dir='ltr'>fuisse</span> <span class='ocrx_word' id='word_1_258' title='bbox 557 3401 708 3462; x_wconf 83' lang='lat' dir='ltr'>autnon</span> <span class='ocrx_word' id='word_1_259' title='bbox 733 3398 836 3461; x_wconf 85' lang='lat' dir='ltr'>fuisse</span> <span class='ocrx_word' id='word_1_260' title='bbox 862 3418 902 3461; x_wconf 81' lang='lat' dir='ltr'>ex</span> <span class='ocrx_word' id='word_1_261' title='bbox 930 3399 1039 3461; x_wconf 84' lang='lat' dir='ltr'>verbis</span> <span class='ocrx_word' id='word_1_262' title='bbox 1065 3400 1136 3463; x_wconf 88' lang='lat' dir='ltr'>eius</span> <span class='ocrx_word' id='word_1_263' title='bbox 1159 3401 1294 3482; x_wconf 82' lang='lat' dir='ltr'>probari</span> <span class='ocrx_word' id='word_1_264' title='bbox 1319 3420 1387 3463; x_wconf 91' lang='lat' dir='ltr'>non</span> 
     </span>
     <span class='ocr_line' id='line_1_31' title="bbox 212 3504 1387 3588; baseline 0 -18"><span class='ocrx_word' id='word_1_265' title='bbox 212 3509 342 3588; x_wconf 87' lang='lat' dir='ltr'>potest;</span> <span class='ocrx_word' id='word_1_266' title='bbox 367 3527 516 3570; x_wconf 78' lang='lat' dir='ltr'>canonas</span> <span class='ocrx_word' id='word_1_267' title='bbox 534 3508 647 3569; x_wconf 83' lang='lat' dir='ltr'>antem</span> <span class='ocrx_word' id='word_1_268' title='bbox 665 3504 769 3568; x_wconf 85' lang='lat' dir='ltr'>fuisse</span> <span class='ocrx_word' id='word_1_269' title='bbox 787 3505 846 3568; x_wconf 83' lang='lat' dir='ltr'>aut</span> <span class='ocrx_word' id='word_1_270' title='bbox 863 3505 959 3567; x_wconf 86' lang='lat' dir='ltr'>condi</span> <span class='ocrx_word' id='word_1_271' title='bbox 977 3507 1112 3588; x_wconf 81' lang='lat' dir='ltr'>coeptos</span> <span class='ocrx_word' id='word_1_272' title='bbox 1131 3527 1204 3570; x_wconf 87' lang='lat' dir='ltr'>esse</span> <span class='ocrx_word' id='word_1_273' title='bbox 1222 3527 1262 3570; x_wconf 86' lang='lat' dir='ltr'>ex</span> <span class='ocrx_word' id='word_1_274' title='bbox 1277 3507 1387 3571; x_wconf 84' lang='lat' dir='ltr'>verbis</span> 
     </span>
     <span class='ocr_line' id='line_1_32' title="bbox 213 3608 1388 3697; baseline 0.003 -24"><span class='ocrx_word' id='word_1_275' title='bbox 213 3610 264 3683; x_wconf 79' lang='grc' dir='ltr'>οὓς</span> <span class='ocrx_word' id='word_1_276' title='bbox 295 3608 366 3692; x_wconf 83' lang='grc' dir='ltr'>ἐγὼ</span> <span class='ocrx_word' id='word_1_277' title='bbox 396 3624 453 3674; x_wconf 85' lang='grc' dir='ltr'>των</span> <span class='ocrx_word' id='word_1_278' title='bbox 482 3611 583 3674; x_wconf 82' lang='grc' dir='ltr'>ἄλλων</span> <span class='ocrx_word' id='word_1_279' title='bbox 616 3608 743 3697; x_wconf 76' lang='grc' dir='ltr'>ἡγουμαι</span> <span class='ocrx_word' id='word_1_280' title='bbox 780 3608 954 3693; x_wconf 88' lang='grc' dir='ltr'>κρατίστους</span> <span class='ocrx_word' id='word_1_281' title='bbox 986 3612 1081 3675; x_wconf 82' lang='lat' dir='ltr'>facile</span> <span class='ocrx_word' id='word_1_282' title='bbox 1111 3613 1261 3676; x_wconf 85' lang='lat' dir='ltr'>concludi</span> <span class='ocrx_word' id='word_1_283' title='bbox 1303 3614 1388 3678; x_wconf 85' lang='lat' dir='ltr'>lioel.</span> 
     </span>
     <span class='ocr_line' id='line_1_33' title="bbox 213 3715 1390 3803; baseline 0 -20"><span class='ocrx_word' id='word_1_284' title='bbox 213 3719 304 3796; x_wconf 82' lang='lat' dir='ltr'>Quos</span> <span class='ocrx_word' id='word_1_285' title='bbox 328 3720 399 3803; x_wconf 90' lang='lat' dir='ltr'>ipse</span> <span class='ocrx_word' id='word_1_286' title='bbox 424 3720 523 3801; x_wconf 82' lang='lat' dir='ltr'>elegit</span> <span class='ocrx_word' id='word_1_287' title='bbox 545 3741 603 3784; x_wconf 83' lang='lat' dir='ltr'>sex</span> <span class='ocrx_word' id='word_1_288' title='bbox 627 3722 779 3784; x_wconf 81' lang='lat' dir='ltr'>oratores</span> <span class='ocrx_word' id='word_1_289' title='bbox 809 3719 942 3782; x_wconf 87' lang='lat' dir='ltr'>nomine</span> <span class='ocrx_word' id='word_1_290' title='bbox 966 3715 1106 3782; x_wconf 75' lang='grc' dir='ltr'>’Λττικων</span> <span class='ocrx_word' id='word_1_291' title='bbox 1137 3720 1390 3802; x_wconf 80' lang='lat' dir='ltr'>comprehendit</span> 
     </span>
     <span class='ocr_line' id='line_1_34' title="bbox 213 3822 1387 3912; baseline 0.003 -24"><span class='ocrx_word' id='word_1_292' title='bbox 213 3826 266 3908; x_wconf 84' lang='lat' dir='ltr'>(ad</span> <span class='ocrx_word' id='word_1_293' title='bbox 284 3826 400 3909; x_wconf 89' lang='lat' dir='ltr'>Pomp.</span> <span class='ocrx_word' id='word_1_294' title='bbox 419 3829 438 3889; x_wconf 83' lang='lat'>2</span> <span class='ocrx_word' id='word_1_295' title='bbox 454 3848 486 3908; x_wconf 90' lang='lat' dir='ltr'>p.</span> <span class='ocrx_word' id='word_1_296' title='bbox 506 3829 568 3891; x_wconf 81' lang='lat'>758</span> <span class='ocrx_word' id='word_1_297' title='bbox 583 3827 612 3890; x_wconf 87' lang='lat' dir='ltr'>R</span> <span class='ocrx_word' id='word_1_298' title='bbox 626 3822 655 3888; x_wconf 92' lang='grc' dir='ltr'>ἐν</span> <span class='ocrx_word' id='word_1_299' title='bbox 671 3835 706 3909; x_wconf 80' lang='grc' dir='ltr'>τη</span> <span class='ocrx_word' id='word_1_300' title='bbox 723 3828 789 3908; x_wconf 82' lang='grc' dir='ltr'>περὶ</span> <span class='ocrx_word' id='word_1_301' title='bbox 805 3836 859 3887; x_wconf 86' lang='grc' dir='ltr'>των</span> <span class='ocrx_word' id='word_1_302' title='bbox 877 3822 1015 3888; x_wconf 75' lang='grc' dir='ltr'>Ἀττικων</span> <span class='ocrx_word' id='word_1_303' title='bbox 1031 3830 1217 3910; x_wconf 73' lang='grc' dir='ltr'>πραγματεία</span> <span class='ocrx_word' id='word_1_304' title='bbox 1233 3822 1387 3912; x_wconf 75' lang='grc' dir='ltr'>ῥητόρων).</span> 
     </span>
     <span class='ocr_line' id='line_1_35' title="bbox 214 3932 1390 4016; baseline 0.001 -21"><span class='ocrx_word' id='word_1_305' title='bbox 214 3933 479 4004; x_wconf 83' lang='lat' dir='ltr'>Demetrium</span> <span class='ocrx_word' id='word_1_306' title='bbox 495 3932 736 4013; x_wconf 81' lang='lat' dir='ltr'>Magnetem</span> <span class='ocrx_word' id='word_1_307' title='bbox 751 3953 884 4016; x_wconf 89' lang='lat' dir='ltr'>quoque</span> <span class='ocrx_word' id='word_1_308' title='bbox 902 3953 941 3997; x_wconf 89' lang='lat' dir='ltr'>eo</span> <span class='ocrx_word' id='word_1_309' title='bbox 955 3934 1088 3997; x_wconf 88' lang='lat' dir='ltr'>nomine</span> <span class='ocrx_word' id='word_1_310' title='bbox 1099 3933 1266 3997; x_wconf 84' lang='lat' dir='ltr'>delectum</span> <span class='ocrx_word' id='word_1_311' title='bbox 1290 3934 1390 4014; x_wconf 84' lang='lat' dir='ltr'>signi·</span> 
     </span>
     <span class='ocr_line' id='line_1_36' title="bbox 213 4039 1389 4122; baseline 0.001 -20"><span class='ocrx_word' id='word_1_312' title='bbox 213 4039 332 4103; x_wconf 81' lang='lat' dir='ltr'>ficasse</span> <span class='ocrx_word' id='word_1_313' title='bbox 357 4040 500 4102; x_wconf 81' lang='lat' dir='ltr'>testatur</span> <span class='ocrx_word' id='word_1_314' title='bbox 517 4040 650 4122; x_wconf 87' lang='lat' dir='ltr'>Dionys.</span> <span class='ocrx_word' id='word_1_315' title='bbox 677 4041 717 4103; x_wconf 88' lang='lat' dir='ltr'>de</span> <span class='ocrx_word' id='word_1_316' title='bbox 743 4039 816 4104; x_wconf 90' lang='lat' dir='ltr'>Din.</span> <span class='ocrx_word' id='word_1_317' title='bbox 847 4060 872 4103; x_wconf 88' lang='grc' dir='ltr'>ο.</span> <span class='ocrx_word' id='word_1_318' title='bbox 899 4042 966 4122; x_wconf 92' lang='lat' dir='ltr'>lp.</span> <span class='ocrx_word' id='word_1_319' title='bbox 981 4043 1041 4105; x_wconf 86' lang='grc'>631</span> <span class='ocrx_word' id='word_1_320' title='bbox 1062 4039 1110 4120; x_wconf 81' lang='lat' dir='ltr'>R3</span> <span class='ocrx_word' id='word_1_321' title='bbox 1135 4041 1215 4122; x_wconf 86' lang='lat' dir='ltr'>quot</span> <span class='ocrx_word' id='word_1_322' title='bbox 1238 4042 1389 4104; x_wconf 80' lang='lat' dir='ltr'>oratores</span> 
     </span>
    </p>
   </div>
   <div class='ocr_carea' id='block_1_3' title="bbox 304 4195 1391 4518">
    <p class='ocr_par' dir='ltr' id='par_1_5' title="bbox 305 4195 891 4268">
     <span class='ocr_line' id='line_1_37' title="bbox 305 4195 891 4268; baseline 0.003 -17"><span class='ocrx_word' id='word_1_323' title='bbox 305 4195 333 4263; x_wconf 78' lang='lat' dir='ltr'>*l</span> <span class='ocrx_word' id='word_1_324' title='bbox 352 4198 424 4252; x_wconf 85' lang='lat' dir='ltr'>hanc</span> <span class='ocrx_word' id='word_1_325' title='bbox 441 4215 500 4252; x_wconf 90' lang='lat' dir='ltr'>esse</span> <span class='ocrx_word' id='word_1_326' title='bbox 519 4215 655 4252; x_wconf 84' lang='lat' dir='ltr'>summam</span> <span class='ocrx_word' id='word_1_327' title='bbox 674 4197 751 4251; x_wconf 86' lang='lat' dir='ltr'>facile</span> <span class='ocrx_word' id='word_1_328' title='bbox 769 4206 891 4268; x_wconf 84' lang='lat' dir='ltr'>apparet.</span> 
     </span>
    </p>

    <p class='ocr_par' dir='ltr' id='par_1_6' title="bbox 304 4285 1390 4358">
     <span class='ocr_line' id='line_1_38' title="bbox 304 4285 1390 4358; baseline 0 -18"><span class='ocrx_word' id='word_1_329' title='bbox 304 4286 346 4353; x_wconf 78' lang='lat'>**)</span> <span class='ocrx_word' id='word_1_330' title='bbox 363 4304 560 4357; x_wconf 85' lang='lat' dir='ltr'>saepenumero</span> <span class='ocrx_word' id='word_1_331' title='bbox 574 4288 687 4341; x_wconf 88' lang='lat' dir='ltr'>verbum</span> <span class='ocrx_word' id='word_1_332' title='bbox 699 4285 802 4339; x_wconf 82' lang='grc' dir='ltr'>τελειόω</span> <span class='ocrx_word' id='word_1_333' title='bbox 813 4288 865 4340; x_wconf 86' lang='lat' dir='ltr'>hoc</span> <span class='ocrx_word' id='word_1_334' title='bbox 874 4304 955 4341; x_wconf 86' lang='lat' dir='ltr'>sensu</span> <span class='ocrx_word' id='word_1_335' title='bbox 971 4292 1092 4357; x_wconf 82' lang='lat' dir='ltr'>usurpat,</span> <span class='ocrx_word' id='word_1_336' title='bbox 1107 4306 1130 4341; x_wconf 85' lang='lat' dir='ltr'>v.</span> <span class='ocrx_word' id='word_1_337' title='bbox 1145 4305 1171 4356; x_wconf 85' lang='lat' dir='ltr'>p.</span> <span class='ocrx_word' id='word_1_338' title='bbox 1184 4288 1237 4341; x_wconf 81' lang='grc'>956</span> <span class='ocrx_word' id='word_1_339' title='bbox 1246 4290 1277 4353; x_wconf 86' lang='lat' dir='ltr'>R,</span> <span class='ocrx_word' id='word_1_340' title='bbox 1288 4307 1314 4358; x_wconf 90' lang='lat' dir='ltr'>p.</span> <span class='ocrx_word' id='word_1_341' title='bbox 1328 4289 1390 4342; x_wconf 79' lang='grc'><strong>959.</strong></span> 
     </span>
    </p>

    <p class='ocr_par' dir='ltr' id='par_1_7' title="bbox 305 4375 1391 4518">
     <span class='ocr_line' id='line_1_39' title="bbox 305 4375 1391 4443; baseline 0.002 -13"><span class='ocrx_word' id='word_1_342' title='bbox 305 4375 364 4442; x_wconf 82' lang='grc'>***)</span> <span class='ocrx_word' id='word_1_343' title='bbox 384 4377 422 4430; x_wconf 87' lang='lat' dir='ltr'>De</span> <span class='ocrx_word' id='word_1_344' title='bbox 442 4393 545 4430; x_wconf 78' lang='lat' dir='ltr'>oenone</span> <span class='ocrx_word' id='word_1_345' title='bbox 563 4377 655 4430; x_wconf 81' lang='lat' dir='ltr'>decern</span> <span class='ocrx_word' id='word_1_346' title='bbox 675 4383 816 4429; x_wconf 85' lang='lat' dir='ltr'>oratorum</span> <span class='ocrx_word' id='word_1_347' title='bbox 829 4376 974 4428; x_wconf 82' lang='lat' dir='ltr'>atticorum</span> <span class='ocrx_word' id='word_1_348' title='bbox 988 4377 1170 4443; x_wconf 87' lang='lat' dir='ltr'>quaestiones.</span> <span class='ocrx_word' id='word_1_349' title='bbox 1191 4376 1391 4433; x_wconf 78' lang='lat' dir='ltr'>Vransl.1883.</span> 
     </span>
     <span class='ocr_line' id='line_1_40' title="bbox 1211 4471 1227 4518; baseline 0 0"><span class='ocrx_word' id='word_1_350' title='bbox 1211 4471 1227 4518; x_wconf 77' lang='lat' dir='ltr'>o</span> 
     </span>
    </p>
   </div>
   <div class='ocr_carea' id='block_1_4' title="bbox 0 0 1565 4809">
    <p class='ocr_par' dir='ltr' id='par_1_8' title="bbox 0 0 1565 4809">
     <span class='ocr_line' id='line_1_41' title="bbox 0 0 1565 4809; baseline 0 0"><span class='ocrx_word' id='word_1_351' title='bbox 0 0 1565 4809; x_wconf 95' lang='lat' dir='ltr'> </span> 
     </span>
    </p>
   </div>
  </div>
 </body>
</html>
