3100 4809
694 233 913 299 —97-

302 413 337 477 Si
360 412 460 477 totius
476 410 648 495 Hermippi
673 412 784 495 operis
797 412 869 491 luit,
894 412 983 495 quod
999 414 1190 477 statuerunt
1213 414 1274 476 viri
1288 414 1385 492 docti,

213 519 385 603 inscriptio
409 515 474 600 βίοι,
499 538 681 600 eorumque
706 518 874 609 Prellerus
900 518 1018 600 (Jahns
1037 518 1151 586 Jahrb.
1179 521 1275 596 1836,
1299 519 1387 584 XVII

214 629 244 702 2,
269 647 300 709 p.
329 627 389 690 169
415 626 478 708 sq.)
502 626 593 689 recte
617 626 686 689 ires
710 626 825 708 partes
849 624 1013 692 distinxit:
1037 626 1101 708 περὶ
1121 627 1304 710 νομοθετῶν,Δ
1324 628 1390 709 περὶ

214 742 270 794 τῶν
293 728 366 795 ἑπτὰ
389 741 498 817 σοφῶν,
523 732 667 814 περὶτῶν
690 726 720 792 έν
748 730 865 813 παιδεία
881 731 1115 815 διαλαμψάντων,
1140 753 1180 797 ex
1204 734 1310 816 operis
1335 754 1390 798 ex-

214 841 320 904 trema
344 840 439 923 parte
472 857 559 921 quae
591 837 691 903 tradit
714 837 892 920 Dionysius
925 838 1102 922 desumpta
1135 859 1209 903 esse
1240 842 1389 923 apparel.

215 945 404 1029 Disputavit
426 944 628 1028 Hermippus
652 964 720 1007 non
745 945 852 1008 solum
878 944 919 1008 de
943 944 1111 1028 discipulis
1134 947 1299 1025 Isocratis
1332 948 1390 1011 sed

214 1036 440 1137 praecedebat
463 1050 545 1115 liber
569 1052 610 1115 de
640 1052 799 1131 magistro
822 1051 895 1133 ipso
919 1053 961 1132 (ν.
986 1051 1039 1116 vil.
1066 1048 1231 1136 Anonym.
1264 1052 1392 1117 Baiter·

216 1159 354 1243 Sauppe
392 1158 525 1222 Scholia
564 1159 751 1222 oratoribus
783 1158 851 1223 Ati.
880 1158 1008 1222 adiecta
1040 1180 1070 1242 p.
1098 1161 1133 1223 7:
1160 1156 1330 1244 Ἕρμιππος
1360 1158 1392 1221 δέ

215 1286 301 1352 φησιν
326 1262 356 1327 ὲν
379 1275 419 1347 τῷ
443 1267 508 1348 περὶ
531 1274 582 1329 τοῦ
599 1261 789 1348 Ἰσοκράτους
811 1266 875 1330 κτλ.
911 1267 943 1329 et
967 1265 1134 1331 Athenae.
1156 1267 1241 1346 ,ΧΙΙΙ
1258 1269 1322 1332 592
1339 1267 1389 1347 D).

216 1373 461 1457 Discipulorum
493 1373 693 1457 praecipuas
725 1373 863 1438 virtutes
897 1392 972 1436 eum
1005 1392 1208 1438 memorasse
1241 1375 1274 1438 et
1305 1363 1392 1438 inter

217 1500 253 1543 se
278 1501 491 1564 comparasse
516 1482 613 1545 docet
635 1481 755 1562 fragm.
773 1483 815 1545 69
846 1501 898 1564 ap.
924 1480 1012 1544 Miill.
1036 1479 1077 1547 fr.
1101 1481 1133 1546 h.
1159 1501 1206 1562 gr.
1232 1481 1275 1547 lll
1290 1504 1322 1564 p.
1338 1484 1389 1547 51.

219 1587 398 1665 (AthenX
415 1590 474 1653 451
497 1589 546 1669 E).
578 1588 695 1671 Neque
714 1589 826 1652 tamen
842 1588 939 1670 plura
955 1607 1031 1650 eum
1045 1588 1087 1651 de
1104 1588 1199 1652 Isaeo
1217 1588 1393 1653 tradidisse

218 1714 324 1776 quam
347 1696 524 1779 Dionysius
550 1696 683 1760 exhibet
707 1695 804 1759 facile
829 1694 1004 1758 oredimus

307 1836 401 1913 Quae
426 1834 602 1920 Dionysius
627 1838 668 1900 de
695 1837 779 1901 lsaei
804 1836 950 1901 artificiis
974 1837 1177 1919 argutiisque
1202 1838 1303 1903 tradit
1326 1838 1393 1902 iam

217 1943 418 2025 aequalibus
444 1944 716 2008 animadversum
740 1943 842 2006 luisse
867 1943 937 2025 ipse
963 1945 1106 2007 testatur
1130 1963 1158 2008 c.
1183 1946 1247 2028 lp.
1267 1947 1327 2010 591
1346 1945 1393 2008 R:

218 2044 254 2133 ἦν
289 2048 321 2110 δὲ
353 2052 418 2132 περὶ
452 2045 542 2112 αὐτοῦ
576 2049 649 2120 δόξα
679 2052 760 2131 παρὰ
795 2058 856 2119 τοῖς
879 2046 942 2111 τότε
965 2051 1101 2134 γοητείας
1123 2045 1174 2111 καί
1197 2048 1321 2136 ἀπάτης,
1353 2048 1394 2122 ὡς

219 2154 310 2227 δεινὸς
343 2153 417 2241 ἀνὴρ
449 2165 629 2240 τεχνιτεῦσαι
658 2156 765 2236 λόγους
797 2152 842 2217 ἐπὶ
872 2158 907 2217 τὰ
938 2152 1136 2241 πονηρότερα·
1165 2159 1218 2218 καί
1247 2153 1289 2229 είς
1312 2166 1395 2220 τοῦτο

219 2260 396 2343 διεβάλλετο.
443 2263 528 2349 δηλοῖ
551 2262 584 2324 δέ
606 2271 690 2326 τοῦτο
718 2273 773 2324 τῶν
798 2260 933 2346 ἀρχαίων
956 2283 998 2333 τις
1020 2258 1149 2347 ρητόρων
1180 2259 1210 2324 ἐν
1233 2273 1269 2346 τη
1292 2260 1395 2349 Δημο-

219 2370 347 2440 σθένους
377 2371 558 2454 κατηγορία,
590 2366 766 2447 Πυθέας,
799 2365 841 2440 ὡς
871 2365 936 2454 ἐμοὶ
966 2368 1054 2430 δοκεῖ.
1100 2366 1242 2456 πονηρίαν
1271 2372 1327 2454 γὰρ
1355 2379 1395 2452 τῷ

219 2473 408 2562 Δημοσθένει
430 2470 482 2539 καί
505 2479 612 2538 κακίαν
636 2477 686 2559 τὴν
710 2471 740 2546 ἐξ
764 2473 929 2559 ἀνθρώπων
953 2485 1050 2538 πᾶσαν
1073 2472 1193 2538 ἐνοικεῖν
1209 2481 1319 2563 pieac,
1343 2479 1396 2539 καί

220 2583 286 2646 τόδε
310 2585 343 2645 τό
367 2586 457 2668 μέρος
473 2579 541 2645 ὅλον
557 2578 599 2655 είς
614 2581 764 2668 διαβολήν,
782 2579 951 2668 ἐπιτίθησιν,
975 2578 1030 2645 ὅτι
1054 2585 1116 2645 τὸν
1139 2579 1282 2652 Ἰσαῖον
1297 2580 1396 2647 ὅλον

221 2692 291 2753 καί
314 2694 382 2760 τὰς
404 2700 474 2752 τῶν
497 2690 620 2770 λόγων
644 2685 796 2752 ἐκείνου
820 2684 958 2774 τέχνας
990 2686 1220 2755 σεσίτισται.
1267 2686 1327 2753 Καί
1353 2681 1396 2775 μοι

221 2793 277 2859 Δία
301 2795 356 2859 οίνκ
379 2794 439 2860 ἀπὸ
462 2805 576 2859 σκοποῦ
598 2800 651 2882 τὴν
674 2796 814 2882 διαβολὴν
837 2798 943 2883 ταότην
967 2794 1044 2883 εἶχεν
1067 2793 1214 2879 ἑκάτερος.

311 2939 504 3016 Quaestioni
537 2941 578 3004 de
609 2940 758 3003 fontibus
792 2960 896 3003 unum
928 2940 1015 3004 addo
1040 2939 1159 3018 locum,
1184 2960 1250 3021 qno
1274 2939 1397 3004 Demo·

223 3046 360 3112 sthenes
396 3049 562 3138 quaedam
600 3069 641 3112 ex
673 3048 769 3111 Isaeo
806 3048 976 3112 mutuatus
1013 3068 1087 3111 esse
1112 3047 1229 3119 fertur,
1266 3045 1395 3110 Theon.

224 3173 396 3236 progymn.
421 3153 505 3219 rhet.
531 3175 578 3237 gr.
603 3156 617 3219 l
640 3176 671 3237 p.
693 3155 754 3218 154
769 3153 834 3224 W..
859 3155 889 3217 ll
911 3175 941 3236 p.
960 3157 1001 3218 63
1026 3154 1082 3237 Sp.
1107 3154 1159 3214 καὶ
1183 3155 1235 3238 μέν
1257 3148 1300 3214 τοί
1323 3175 1355 3232 γε
1379 3149 1396 3215 ὁ

223 3255 365 3330 Φίλιστος
387 3262 436 3322 τόν
458 3256 592 3324 Ἀττικὸν
615 3257 683 3323 ὅλον
707 3259 836 3343 πόλεμον
860 3256 889 3321 ἐν
913 3268 971 3331 τοῖς
995 3255 1216 3332 Σικελικοῑςέκ
1239 3269 1304 3328 τῶν,
1319 3257 1397 3320 Θου-

223 3361 343 3426 κυδίδου
367 3372 550 3452 ρετενηνοχε,
574 3369 626 3430 καί
648 3364 912 3452 Δημοσθένης
933 3362 974 3437 είς
998 3369 1045 3429 τόν
1069 3369 1147 3429 κατὰ
1164 3362 1285 3428 Μειδίου
1308 3369 1344 3428 τόι
1366 3387 1397 3427 τε

224 3468 347 3554 Λυσίου,
372 3474 425 3535 καί
447 3470 623 3557 Λυκοόρηου
646 3470 682 3535 έκ
705 3463 764 3562 τῷν
784 3483 838 3559 της
859 3469 971 3557 ὅβρεως
994 3470 1089 3551 λόγων
1112 3475 1164 3535 καί
1186 3476 1223 3535 τὰ
1238 3469 1346 3535 Ἰσαίου
1362 3469 1398 3536 ἐκ

224 3589 280 3641 τῶν
313 3581 392 3641 κατὰ
426 3575 578 3653 Διοκλέους
612 3582 644 3662 (l.
669 3577 845 3665 Διοκλέους)
879 3575 999 3662 ὅβρευς.
1044 3579 1116 3644 Ηοο
1147 3598 1281 3661 quoque
1307 3580 1399 3645 testi·

225 3686 384 3764 monium,
421 3706 495 3751 cunr
520 3688 610 3768 quod
633 3688 674 3751 de
699 3687 836 3751 Philisto
862 3687 1001 3751 traditur
1032 3688 1131 3752 etiam
1155 3687 1244 3770 apud
1268 3686 1398 3751 Cicero·

225 3813 302 3857 nem
327 3793 383 3874 (ad
407 3792 518 3870 Quint.
545 3794 582 3858 fr.
607 3795 636 3858 ll
662 3795 715 3874 12)
747 3794 857 3856 verbis
890 3794 1039 3877 ,pusillus
1064 3793 1288 3876 Thucydides‘
1312 3793 1399 3874 (Phi-

225 3900 332 3981 listus)
367 3900 545 3982 significari
580 3900 749 3979 videatur,
785 3921 888 3984 supra
921 3901 1067 3983 Dionysii
1103 3901 1247 3965 aetatem
1288 3900 1396 3964 redire

224 4009 316 4091 puto,
343 4009 485 4096 fortasse
509 4007 551 4072 ad
575 4007 719 4087 aliquem
744 4008 786 4071 de
811 4007 995 4073 imitatione
1020 4007 1150 4071 librum.

315 4149 382 4213 Sed
406 4149 594 4214 huiusmodi
619 4169 673 4213 res
706 4151 880 4215 sescentae
913 4150 984 4214 luce
1016 4151 1142 4226 careni,
1175 4148 1256 4212 illud
1272 4151 1400 4215 ”autem

226 4255 323 4319 facile
346 4256 497 4319 videmus
520 4256 714 4339 Dionysium
740 4276 782 4319 ne
805 4257 838 4320 in
864 4257 927 4321 hoo
955 4255 1232 4338 quidem'iudicio
1257 4276 1345 4320 nova
1368 4258 1402 4319 et

226 4362 376 4427 inaudita
401 4364 585 4428 tradidisse.

1227 4470 1241 4522 7
