3100 4809
639 207 873 278 v-16-

175 387 217 457 de
247 387 483 477 Theophrasto
512 388 647 457 rhetore
681 413 714 476 p.
740 393 793 457 38.
840 392 995 457 Cicero
1024 394 1107 458 erat.
1138 414 1166 459 c.
1191 396 1233 458 24
1265 393 1283 477 ξ
1310 393 1352 461 80

78 511 81 517 ’
175 497 260 563 haee
295 491 411 564 decet:
446 492 615 582 {Supellex
644 501 695 563 esi
719 498 807 562 enim
841 499 1086 581 quodammode
1116 503 1233 566 nostra
1265 523 1353 585 quae

176 608 227 671 esi
260 606 292 669 in
318 606 523 671 ornamentis
558 606 622 671 alia
652 625 780 685 rerum,
818 606 882 670 alia
915 608 1106 672 verborum.
1154 607 1353 674 Ornatus

178 716 292 780 aulem
317 714 548 778 verberum
572 712 711 796 duplex:
744 733 831 777 unus
861 712 1070 797 simplicium,
1102 715 1187 779 aller
1211 716 1353 781 colleca-

176 822 295 887 ierum.
337 820 529 904 Simplex
551 821 713 903 probatur
729 820 763 883 in
788 822 979 904 propriis
1005 822 1205 905 usiiaiisque
1229 824 1352 901 verbm,

177 929 266 1011 quod
291 931 350 993 aut
381 929 502 1011 optime
535 929 658 992 sonant
692 929 751 992 aut
784 948 852 992 rem
878 929 1019 1013 maxime
1054 930 1295 1013 explanani;*)
1320 931 1353 993 in

177 1034 340 1100 alienis
365 1036 425 1100 aui
448 1034 650 1100 translatum
674 1036 734 1099 eui
757 1035 884 1099 facium
915 1036 1050 1100 aliunde
1082 1036 1117 1100 ui
1141 1039 1268 1109 mutuo,
1295 1039 1354 1101 aut

178 1141 304 1207 facium
329 1143 470 1227 abipso
495 1142 553 1207 aui
577 1162 701 1206 novum
727 1145 787 1206 aui
811 1141 956 1225 priscum
982 1146 1013 1207 ei
1038 1143 1257 1222 musinium!

266 1250 463 1334 Bipariiium
495 1248 593 1331 igitur
624 1250 765 1313 electum
798 1250 928 1332 aceepit
950 1251 1129 1314 verborum
1154 1250 1353 1333 Dionysius:

177 1353 280 1441 κυρίαν
305 1360 410 1444 φράσιν
434 1358 467 1421 ei
489 1360 638 1441 τροπικήν.
671 1355 729 1419 His
754 1360 917 1440 ,σχήματα
938 1377 1071 1439 quoque
1095 1358 1206 1432 inesse
1230 1358 1355 1421 debent

179 1466 211 1528 ei
235 1458 275 1539 ,αἱ
298 1461 458 1544 ἀναγκαῖαι
480 1460 603 1547 ἀρεταί.

754 1556 782 1618 l.

536 1659 593 1725 De
617 1659 812 1743 propriis
836 1659 996 1724 verbie

644 1770 744 1851 (κυρία
767 1769 896 1853 μράστς).

268 1875 375 1954 Quem
412 1876 499 1941 dicat
534 1876 710 1959 Dionysius
745 1878 850 1958 κυρίαν
885 1871 1006 1960 φράσιν,
1041 1875 1185 1941 illustrat
1214 1877 1255 1940 de
1279 1873 1354 1959 LyS.

178 1982 244 2048 iud.
270 2003 297 2049 e.
323 1986 360 2046 3:
393 1978 413 2069 ἡ
437 1981 484 2046 διά
508 1993 563 2046 τῶν
586 1977 694 2066 κυρίων
725 2003 754 2043 τε
777 1976 830 2044 καί
852 1992 956 2043 κοινῶν
979 1985 1031 2044 καί
1054 1978 1083 2045 έν
1106 1985 1188 2066 μέσην
1216 1986 1356 2066 κειμένων

179 2085 328 2173 ὀνομάτων
352 2085 519 2175 έκμέρουσα
542 2093 578 2152 τὰ
601 2085 761 2174 νοούμενα·
796 2086 903 2173 ἥκιστα
935 2093 991 2173 γὰρ
1016 2087 1050 2153 ἄν
1074 2110 1117 2161 τις
1138 2085 1218 2172 εὖροι
1241 2085 1356 2151 Λυσίαν

180 2204 302 2279 τροπικῇ
335 2193 439 2281 μράσει
473 2194 671 2282 χρησάμενον.
718 2197 809 2260 Idem
846 2196 887 2260 de
924 2196 1092 2261 Demesih.
1119 2200 1182 2261 c.5
1213 2198 1355 2279 καθαράν

181 2299 295 2388 ρράοιν,
327 2300 434 2389 ἀκριβη
458 2300 618 2384 διάλεκτον,
643 2306 748 2385 κυρίαν
776 2298 851 2373 λέξιν
883 2304 984 2366 verbo
1016 2299 1173 2388 ἑλληνίζειν
1204 2323 1371 2386 eomprer

180 2409 305 2475 hendii.
352 2409 437 2474 Rem
471 2410 537 2475 iam
569 2410 659 2493 apud
693 2412 932 2474 Isocratem
974 2410 1158 2492 reperimus
1199 2409 1282 2473 omi.
1311 2408 1355 2471 IX

181 2519 300 2595 8-12‚
325 2517 381 2581 ubi
404 2520 440 2580 τὰ
468 2521 629 2600 τεταγμένα
659 2518 692 2581 ei
722 2515 858 2579 πολιτικὰ
889 2512 1020 2600 ὀνόματα
1051 2518 1266 2599 opponuntur
1297 2524 1357 2585 τοῖς

179 2623 270 2696 ξένας
294 2625 347 2685 καί
373 2632 485 2696 καινοῖς
519 2626 572 2686 καὶ
606 2632 797 2710 μεταφοραῖς.
823 2623 863 2688 ef.
899 2623 965 2691 Cic.
1001 2622 1110 2686 locum
1146 2643 1249 2706 supra
1283 2619 1356 2687 leu-

181 2731 310 2795 daium.
357 2731 448 2795 Idem
473 2731 636 2796 lsoereies
672 2751 718 2795 or.
744 2732 816 2795 V4
852 2728 953 2794 tradit
977 2729 1140 2811 quosdam
1173 2723 1356 2794 orationem

181 2838 321 2903 laudare
356 2837 463 2903 solere
504 2833 556 2911 ,ὡς
601 2835 734 2921 ἀκριβῶς
770 2840 823 2900 καὶ
860 2837 1009 2919 καθαρῶς
1043 2833 1191 2920 έγουσαν.ι
1248 2836 1356 2901 Etiam
1432 2816 1439 2828 ⁸

181 2946 452 3010 Aristoteles
490 2945 531 3010 de
562 2946 673 3010 verbis
710 2944 870 3025 eligendis
903 2943 1021 3007 slmilia
1060 2944 1227 3008 statuerat
1257 2944 1357 3026 eique

98 3035 100 3040 ’
181 3052 357 3137 Dionysius
388 3052 474 3117 rhei.
497 3053 542 3117 ΙίΙ
565 3055 630 3121 υ,2
655 3049 845 3136 (p.1404b):
876 3045 1038 3123 ,κλέπτεται
1060 3049 1085 3111 δ’
1111 3047 1152 3131 εὖ,
1185 3045 1236 3112 έάν
1258 3071 1299 3121 τις
1323 3046 1357 3110 ἐκ

182 3171 235 3247 τῆς
258 3155 397 3230 εἰωθυίας
420 3158 575 3222 διαλέκτου
599 3155 728 3239 ἐκλέγων
750 3158 882 3240 συντιθῇ.
898 3211 925 3225 ,,
956 3153 1044 3219 ὄντων
1075 3156 1100 3218 δ’
1134 3153 1283 3241 ὀνομάτων
1306 3158 1358 3218 καί

183 3264 322 3354 ῥημάτων
346 3262 376 3338 ἐξ
392 3262 463 3329 ὧνὸ
483 3267 572 3348 λόγος
594 3270 776 3351 συνέστηκεν,
800 3274 855 3328 τῶν
871 3263 903 3326 δέ
918 3261 1068 3348 ὀνομάτων
1091 3272 1206 3326 τοσαῦτ’
1232 3260 1359 3349 ἐχόντων

116 3419 121 3424 ,
169 3372 246 3461 ⁴53⁷]
276 3370 333 3437 ὅσα
362 3375 542 3459 τεθεώρηται
565 3369 595 3435 έν
623 3373 772 3455 τοῖςπερὶ
801 3380 965 3456 ποιητικῆς,
998 3366 1143 3432 τούτων
1172 3371 1358 3450 γλῶτταις

186 3476 760 3567 μὲνκαίδιπλοῖςὸνόμασικαί
783 3481 1065 3564 πεποιημένοις
1088 3474 1268 3557 ὀλιγάκις
1290 3477 1360 3538 καὶ

186 3585 380 3673 ὀλιγαχυῶ
404 3591 617 3674 χρηστέον,
644 3588 737 3654 ...τὸ
761 3584 800 3647 δέ
823 3580 955 3668 κύριον
980 3586 1046 3647 καί
1069 3587 1108 3646 τὸ
1132 3578 1273 3646 οἰκεῖον
1296 3582 1360 3645 καί

101 3715 107 3730 ·
187 3698 392 3782 μεταφορὰ
426 3698 523 3778 μόνα
557 3698 732 3779 χρήσιμα
764 3694 865 3775 πρὸς
897 3694 962 3776 τὴν
986 3701 1056 3753 τῶν
1085 3691 1207 3774 ψιλῶν
1236 3687 1359 3769 λόγων

186 3802 308 3875 λέξιν.ι
345 3797 455 3885 Κύριον
479 3805 511 3867 ei
535 3796 641 3864 οἰκεῖον
658 3800 746 3865 idem
762 3800 833 3864 fere
850 3798 1052 3880 significani3
1076 3791 1230 3882 μεταρορά
1247 3798 1359 3860 autem

186 3910 219 3976 id
244 3912 295 3976 est
318 3909 408 3993 quod
430 3909 605 3992 Dionysius
630 3907 776 3991 appellat
800 3908 939 3990 τροπικὴν
963 3907 1076 3991 ρροίσιν.

277 4016 369 4094 Quas
400 4016 554 4100 propriae
585 4014 777 4080 eloeulionis
810 4016 924 4096 paries
949 4032 1023 4077 esse
1046 4010 1197 4090 voluerii,
1228 4009 1359 4073 difficile

189 4126 240 4191 esi
263 4125 306 4188 ad
330 4123 583 4189 enucleandum.
624 4118 777 4204 Καθαρὰν
800 4119 876 4191 λέξιν
901 4120 934 4184 ei
958 4116 1065 4203 ἀκριβη
1089 4112 1250 4197 διάλεκτον,
1276 4135 1360 4198 quas

189 4231 267 4296 alibi
303 4229 446 4310 seiungit
482 4251 499 4294 a
536 4230 626 4312 κυρία
659 4227 746 4299 λέξει,
779 4228 832 4291 hic
869 4227 897 4290 ei
934 4227 1100 4289 subiectas
1136 4222 1238 4286 fuisse
1268 4223 1359 4305 puto.

189 4339 380 4352 .....-.——

281 4374 307 4444 *)
326 4374 360 4427 ef.
379 4338 560 4443 'iheophmsii
579 4370 669 4424 lecum
688 4387 714 4441 p.
732 4369 763 4424 17
783 4368 934 4422 laudatum.
