3100 4809
698 294 916 361 ..99-

218 482 251 546 et
273 477 407 562 Lysiam
429 477 558 542 diversa
592 497 718 558 genera
748 478 930 559 sequentes
961 477 1001 557 (c.
1034 477 1165 555 8-16),
1198 476 1256 541 sed
1289 476 1390 543 etiam

218 587 274 671 qui
290 586 436 651 mediam
453 604 660 667 aureamque
676 582 975 648 viam-institerunt
991 584 1170 648 Isocratem
1185 587 1225 667 (c.
1245 585 1388 670 17-22)

217 697 250 760 et
274 695 448 759 Platonem
482 698 522 772 (c.
548 687 696 778 23-33)
728 691 826 772 longe
858 693 1004 774 superat.
1052 690 1172 774 Incipit
1203 711 1230 759 c.
1256 694 1298 757 35
1323 692 1390 758 dis-

216 800 344 885 putatio
368 801 409 864 de
433 798 666 864 Demosthenis
692 797 930 880 compositione
953 799 1132 862 verborum
1159 835 1200 842 —
1224 798 1390 865 delectum

216 909 332 972 leviter
355 908 549 991 perstringit
575 942 610 952 -
639 908 672 970 et
695 905 871 970 deducitur
900 906 1015 989 paucis
1046 905 1251 988 interpositis
1281 909 1322 989 (c.
1347 908 1389 975 45

218 1017 251 1079 et
274 1015 331 1098 46)
355 1035 461 1097 usque
486 1014 528 1078 ad
546 1033 573 1078 c.
592 1015 644 1095 52,
669 1031 736 1094 qua
757 1011 956 1093 quaestione
973 1011 1206 1076 Demosthenis
1222 1013 1389 1079 orationes

216 1121 403 1206 praeceptis
427 1121 589 1204 pulchrae
614 1121 647 1184 ct
669 1120 836 1184 iucundae
854 1118 1101 1202 compositionis
1119 1120 1207 1183 omni
1231 1140 1272 1184 ex
1294 1123 1389 1203 parte

216 1229 421 1312 respondere
445 1227 601 1293 ostendit.
632 1227 668 1291 ln
686 1227 772 1292 haec
790 1225 903 1308 viginti
920 1226 1029 1309 capita
1045 1228 1152 1291 totum
1176 1225 1244 1290 lere
1268 1226 1389 1293 librum

217 1336 258 1400 de
284 1335 522 1418 compositione
547 1335 717 1399 transtulit
741 1354 844 1417 saepe
869 1352 911 1397 ne
936 1333 1047 1397 verbis
1076 1334 1210 1414 quidem
1234 1334 1388 1410 mutatis3

217 1442 356 1507 moleste
380 1442 538 1526 imprimis
561 1442 709 1521 ferimus,
741 1460 828 1523 quae
860 1441 901 1505 de
933 1440 1180 1524 compositionis
1212 1442 1390 1522 generibus

216 1550 357 1633 scripsit,
383 1550 579 1634 praesertim
605 1569 680 1613 cum
704 1550 745 1613 de
762 1549 863 1612 totius
888 1547 1083 1612 elocutionis
1108 1549 1286 1628 generibus
1311 1552 1390 1614 ante

216 1658 352 1741 planius
377 1657 579 1722 disseruerit.
626 1656 740 1720 Pauca
772 1676 878 1737 eaque
908 1655 1081 1719 subtiliora
1116 1655 1218 1720 tradit
1248 1655 1289 1720 de
1312 1676 1389 1740 pro·

215 1764 425 1828 nuntiatione
457 1764 646 1828 orationum
678 1763 911 1827 Demosthenis
944 1783 970 1827 c.
1001 1764 1053 1827 53.
1104 1762 1260 1827 Extrema
1291 1768 1387 1846 parte

216 1889 304 1952 quae
330 1869 513 1933 Aeschines
545 1870 665 1950 aliique
695 1870 727 1933 in
760 1869 984 1933 Demosthene
1015 1870 1307 1952 reprehenderunt
1336 1892 1388 1937 re·
1488 1867 1493 1877 ’

217 1977 311 2041 futat.
359 1976 503 2040 Virtutes
527 1976 803 2040 Demosthenicae
836 1976 1030 2039 elocutionis
1054 1976 1234 2042 maximam
1258 1980 1388 2061 partem

216 2083 407 2148 indicantur
432 2104 458 2148 c.
485 2081 569 2162 58:¹²)

305 2188 398 2253 Haec
430 2190 528 2271 igitur
560 2209 692 2253 summa
716 2189 788 2253 libri
812 2190 891 2253 satis
923 2189 1033 2272 ampli.
1081 2189 1176 2267 Quae
1207 2192 1250 2255 ad
1281 2195 1385 2259 artem

216 2295 385 2378 pertinent
408 2317 428 2360 a
452 2297 546 2361 nohis
571 2296 636 2359 iam
654 2315 756 2379 supra
774 2297 917 2360 tractata
932 2296 1123 2375 omittimus,
1150 2298 1330 2363 omittimus
1348 2321 1388 2367 ea

217 2420 351 2484 quoque
375 2422 463 2484 quac
493 2404 536 2467 ad
559 2402 681 2469 iudicia
705 2404 746 2467 de
770 2403 965 2486 Thucydide
990 2405 1024 2467 et
1046 2402 1188 2469 Platone
1212 2405 1387 2472 referenda

217 2510 313 2584 sunt3
348 2508 512 2590 reliquum
549 2512 621 2589 est,
656 2512 692 2574 ut
727 2528 932 2591 quaeramus
965 2529 1131 2592 quosnam
1166 2515 1321 2576 auctores
1353 2515 1386 2578 in

216 2616 401 2680 elocutione
428 2617 661 2681 Demosthenis
685 2618 893 2682 aestimanda
917 2620 1052 2682 seculus
1077 2617 1119 2682 sit
1136 2639 1165 2682 ν.
1185 2618 1290 2684 Blal‘s
1306 2621 1382 2687 illl

215 2742 246 2804 p.
272 2723 313 2786 63
337 2744 411 2806 sqq.

305 2830 564 2897 Demosthenem
589 2833 701 2896 multis
718 2834 967 2916 praeclarisque
983 2833 1161 2897 virtutihus
1178 2835 1296 2899 ceteris
1313 2854 1387 2900 ora·

215 2937 341 3001 toribus
366 2939 566 3004 antecellere
591 2942 624 3003 et
640 2939 736 3004 facile
753 2940 939 3023 principem
968 2960 1041 3003 esse
1066 2940 1213 3024 Dionysii
1229 2942 1386 3024 tempori·

214 3043 277 3106 hus
302 3045 433 3126 plurimi
456 3047 722 3111 consentiebant.
754 3047 916 3111 Auctores
934 3047 1032 3127 igitur
1049 3046 1119 3110 eins
1135 3047 1244 3111 iudicii
1267 3049 1386 3114 afferre

215 3150 248 3212 et
271 3149 400 3215 difficile
425 3152 486 3215 fuit
509 3155 542 3217 et
565 3173 632 3217 non
663 3153 901 3217 necessarium.
933 3175 964 3235 p.
992 3154 1077 3217 1062
1101 3153 1149 3216 R:
1169 3148 1240 3218 Ὅτι
1263 3156 1314 3238 μὲν
1337 3151 1388 3218 οὖν

213 3260 329 3341 περιττή
352 3260 395 3328 τίς
417 3253 490 3321 ἐστιν
513 3254 533 3344 ἡ
556 3268 610 3345 τῆς
631 3258 740 3331 λέξεως
762 3270 815 3345 τῆς
838 3256 1052 3346 Δημοσθένους
1071 3254 1197 3344 ἁρμονία
1212 3263 1264 3323 ναὶ
1279 3273 1386 3346 μακρῷ

215 3359 252 3445 δή
268 3382 318 3423 τινι
333 3360 546 3427 διαλλάττουσα
569 3370 621 3437 τὰς
643 3377 698 3429 τῶν
721 3365 820 3428 ἄλλων
836 3362 976 3452 ῥητόρων,
1000 3362 1070 3429 οὖν
1094 3363 1189 3451 ἐμὸς
1212 3363 1228 3430 ὁ
1252 3369 1385 3452 μῦθος.

213 3466 286 3532 Ηοο
302 3468 332 3532 ei
348 3472 540 3550 aequalium
557 3473 608 3537 vel
625 3474 682 3555 qni
697 3473 837 3538 maxime
855 3474 1116 3539 adversarentur
1129 3474 1207 3539 dicit
1220 3475 1386 3552 tribuisse,

214 3569 253 3635 ὧν
276 3570 312 3659 ἦν
335 3571 514 3663 Αἰσχίνης
537 3574 553 3641 ὁ
577 3575 683 3665 ῥήτωρ.
720 3579 783 3657 Qui
808 3599 881 3643 cum
907 3581 1140 3646 Demosthenis
1165 3581 1386 3646 elocutionem

214 3682 383 3763 ceteroqui
407 3684 571 3750 malitiose
595 3688 632 3751 ut
656 3687 868 3751 adversarius
893 3689 926 3751 et
951 3688 1103 3752 aemulus
1137 3688 1291 3770 exagitet,
1323 3689 1386 3754 hoc

213 3788 364 3854 concedit
388 3786 435 3877 (p.
455 3794 540 3858 1065
564 3793 625 3874 R):
658 3790 720 3871 ,Ὡς
748 3788 828 3878 ὑμᾶς
858 3790 972 3876 oppeto
1003 3803 1107 3867 κακῶς
1136 3797 1307 3880 πάσχοντας
1335 3797 1387 3880 τὴν

212 3896 349 3958 condedo
373 3907 428 3959 τῶν
451 3895 666 3984 Δημοσθένους
689 3880 839 3985 ὀνομάτων
862 3898 1093 3986 ἀγαπήσανταςι.
1126 3901 1385 3967 Demosthenem

213 4005 350 4085 propter
373 4006 551 4070 verborum
567 4009 725 4089 portenta
742 4008 915 4073 cavillatur
939 4029 966 4073 c.
985 4011 1025 4073 57
1051 4031 1084 4093 p.
1104 4009 1188 4074 1125
1202 4009 1241 4082 R,
1265 4011 1386 4093 quibus

214 4108 419 4176 conterenda
435 4116 516 4177 sunt
531 4131 618 4194 quae
635 4114 750 4179 Cicero
767 4134 814 4180 or.
833 4116 914 4194 8,26
932 4115 1048 4181 tradit:
1066 4116 1123 4189 ‚Ac
1140 4118 1254 4181 tamen
1272 4117 1305 4180 in
1321 4116 1385 4181 hoc

303 4267 329 4336 *l
348 4271 558 4326 Demosthenem
576 4289 630 4327 non
650 4274 803 4329 Aristotelis
828 4280 887 4329 arte
906 4275 1026 4329 oratoria
1044 4275 1199 4331 institutum
1223 4291 1283 4330 esse
1309 4277 1387 4330 docet

212 4354 291 4424 epist.
311 4357 353 4410 ad.
374 4357 463 4412 Amm.
483 4360 510 4424 1;
539 4362 639 4429 quihus
659 4364 763 4417 artibus
782 4381 848 4418 usus
867 4364 902 4419 sit
920 4382 950 4418 se
969 4365 1157 4434 quaesiturum
1177 4366 1312 4436 promittit
1330 4383 1353 4419 c.
1370 4366 1387 4420 3

213 4457 241 4513 p.
261 4443 312 4498 723
330 4444 365 4498 R.

1193 4546 1225 4601 7*
