3100 4809
681 189 898 256 ..75-

198 370 339 452 liguram
373 369 406 433 et
437 368 470 432 in
502 368 648 452 corporis
679 371 839 436 motum.
864 424 871 438 .
896 368 978 452 §26
1010 370 1119 462 motus
1152 370 1204 434 est
1226 369 1373 455 corporis

198 479 311 561 gestus
337 480 371 542 et
395 478 504 542 vultus
529 477 714 541 moderatio
738 473 916 560 quaedam,
942 497 1030 560 quae
1046 478 1275 560 pronuntianti
1294 498 1372 542 con·

197 586 287 650 venit
304 586 336 649 et
354 585 578 668 probabiliora
595 584 704 649 reddit
728 604 768 649 ea
792 604 878 668 quae
902 583 1187 668 pronuntiantur).
1206 620 1245 630 -
1266 585 1372 649 Huius

196 692 366 756 divisionis
390 691 726 774 Theophrastus
751 693 869 755 auctor
898 690 969 769 fuit,
1002 691 1058 774 qui
1089 690 1209 754 librum
1242 691 1374 774 scripsit

195 801 261 881 περὶ
283 793 466 882 ὑποκρίσεως
496 800 549 881 (eo
579 798 722 863 fortasse
752 798 899 881 pertinet
930 797 1020 880 quod
1043 796 1159 862 Cicero
1189 796 1230 861 de
1255 817 1302 861 or.
1328 797 1372 861 ΙΙΙ

197 905 215 987 ᾗ
238 907 299 970 221
327 905 453 986 tradit),
476 905 504 970 si
527 905 626 969 modo
650 907 741 970 recle
764 904 806 970 M.
825 903 975 968 Schmidt
998 904 1031 986 (l.
1048 904 1067 969 l.
1085 925 1117 987 p.
1135 903 1190 983 or)
1206 904 1372 967 adTheo-

195 1012 372 1096 phrastum
397 1012 523 1078 rettulit
547 1033 633 1095 quae
664 1012 823 1095 leguntur
846 1012 930 1077 rhet.
956 1031 1064 1094 graec.
1096 1011 1137 1074 Vl
1169 1032 1203 1094 p.
1234 1012 1276 1075 35
1301 1009 1371 1075 W.:

195 1115 383 1204 Θεόφραστος
405 1115 421 1182 ὁ
445 1115 607 1205 pddoopo'c
629 1139 714 1206 φησιν
737 1116 809 1183 εἶναι
824 1123 958 1205 μέγιστον
980 1115 1120 1206 ῥητορικῇ
1136 1120 1212 1203 πρὸς
1225 1121 1258 1181 τὸ
1275 1126 1372 1180 πεῖσαι

194 1335 246 1419 τὴν
268 1328 444 1420 κατανόησιν
466 1335 583 1408 cetron,
606 1330 648 1406 ὡς
670 1335 722 1397 καὶ
745 1343 781 1418 sq
805 1330 862 1417 ὅλῃ
886 1329 1031 1420 ἐπιστήμῃ
1055 1329 1292 1418 supponendum
1308 1334 1371 1417 τὴν

194 1445 349 1528 κίνησιν
382 1452 446 1506 τοῦ
480 1444 661 1527 σώματος
694 1444 762 1505 καὶ
795 1446 857 1506 τὸν
887 1437 995 1505 τόνον
1022 1452 1089 1529 τῆς
1111 1446 1237 1528 ψυχῆς
1260 1444 1372 1527 (φωνῆς

196 1550 280 1619 coni.
304 1549 460 1636 Pistner).

284 1961 496 2039 Quaestionis
520 1963 561 2027 de
588 1961 735 2045 Dionysii
763 1962 953 2045 praeceptis
983 1959 1155 2025 rhetoricis
1186 1978 1368 2042 eorumque

196 2070 342 2134 fontibus
367 2069 432 2134 iam
456 2070 557 2134 finem
589 2069 762 2149 faciamus,
788 2088 993 2152 quamquam
1027 2087 1088 2131 nos
1119 2066 1253 2130 minime
1286 2067 1369 2147 fugit

194 2175 356 2241 nonnulla
390 2211 427 2222 -
459 2177 500 2241 de
534 2177 662 2257 figuris,
695 2177 737 2240 de
768 2194 947 2244 causarum
983 2173 1294 2250 constitutionibuS,
1326 2172 1367 2236 de

194 2284 353 2349 memoria
373 2320 412 2329 -
431 2304 470 2349 ex
486 2284 590 2367 ipsius
607 2286 667 2348 aut
681 2283 903 2368 posteriorum
920 2283 1011 2347 libris
1036 2281 1136 2347 etiarn
1161 2280 1233 2344 elici
1256 2300 1366 2364 posse,

192 2392 290 2476 plura
314 2392 504 2457 accuratius
529 2391 675 2457 tractari.

280 2498 365 2562 Novi
395 2498 493 2580 igitur
524 2498 671 2582 aliquam
702 2500 848 2583 speciem
878 2498 1034 2582 praebuit
1057 2498 1246 2582 Dionysius,
1277 2496 1367 2579 quod

193 2606 337 2689 partium
355 2605 436 2670 artis
449 2605 636 2671 rhetoricae
650 2607 777 2690 recepit
788 2605 983 2670 divisionem
997 2605 1142 2688 antiquis
1156 2623 1237 2669 sane
1251 2617 1364 2668 notam

192 2712 251 2777 sed
274 2711 384 2777 minus
408 2712 578 2790 usitatam,
611 2712 701 2797 quod
723 2733 823 2797 porro
854 2732 969 2777 earum
999 2714 1143 2796 partium
1171 2746 1210 2757 -
1236 2731 1365 2794 compo·

108 2855 114 2868 ·
191 2819 318 2884 sitionis
350 2821 510 2904 imprimis
542 2820 615 2884 dico
643 2856 679 2867 -
706 2820 815 2904 capita
846 2820 1035 2884 accuratius
1067 2818 1226 2900 distinxit,
1258 2816 1364 2881 fusius

193 2927 348 2992 tractavit
372 2929 487 3011 eisque
511 2947 756 3011 nonnunquam
780 2927 877 3010 plura
901 2927 1042 2991 subiecit
1073 2946 1173 3009 quam
1198 2925 1254 2989 alii
1277 2924 1365 2988 sole·

191 3031 284 3115 bant,
309 3036 398 3118 quod
422 3036 567 3120 denique
591 3056 631 3100 ex
660 3036 731 3100 arte
755 3035 971 3116 grammatica
995 3034 1029 3099 et
1052 3034 1190 3111 musica,
1220 3032 1364 3098 fortasse

192 3140 291 3206 etiarn
317 3164 358 3208 cx
380 3143 554 3209 dialectica
577 3143 764 3208 rhetoricae
788 3142 885 3226 plura
906 3141 1030 3206 invexit
1054 3161 1153 3225 quam
1175 3139 1363 3223 superiores

190 3249 311 3314 artium
336 3251 527 3335 scriptores,
551 3270 758 3334 quamquam
782 3250 845 3315 has
876 3270 929 3314 res
954 3250 1055 3314 antea
1079 3248 1112 3312 in
1138 3255 1209 3312 arte
1234 3247 1363 3312 dicendi

188 3355 292 3422 fuisse
314 3358 448 3424 minime
473 3361 524 3423 est
547 3358 747 3439 negandum.

281 3465 347 3530 Sed
363 3486 452 3548 quae
469 3466 640 3550 praecipit,
657 3467 685 3530 si
700 3486 811 3550 pauca
829 3485 937 3549 eaque
951 3466 1036 3532 levia
1053 3464 1233 3549 exceperis,
1251 3465 1363 3530 onmia

187 3572 257 3637 fere
292 3573 335 3637 ad
373 3574 501 3657 priores
536 3573 688 3639 rhetores
724 3574 945 3657 (Isocratem,
979 3573 1191 3638 Aristotelem
1233 3573 1362 3637 Theo·

187 3680 432 3764 phrastum)
456 3681 500 3746 ad
523 3681 668 3746 musicos
693 3682 861 3766 (metricos
886 3684 919 3747 et
950 3680 1172 3764 rhythmicos,
1204 3680 1361 3765 imprimis

186 3786 447 3869 Aristoxenum),
471 3789 514 3853 ad
531 3789 766 3871 grammaticos
783 3789 983 3866 (Stoicorum
999 3790 1141 3871 sectam,
1167 3788 1359 3872 Dionysium

186 3894 378 3975 Thracem),
402 3898 447 3961 ad
475 3896 692 3982 philosophos
724 3897 913 3981 (Platonem
937 3899 969 3962 et
994 3897 1218 3981 Aristotelem)
1255 3897 1360 3961 redire

186 4003 282 4066 nobis
306 4003 457 4069 videmur
480 4005 678 4070 ostendisse.
724 4004 763 4070 ln
795 4005 842 4069 eis
865 4003 956 4087 locis,
988 4005 1109 4088 quibus
1141 4024 1215 4069 cum
1245 4003 1360 4068 Corni-

185 4107 260 4172 flcio
284 4112 316 4174 et
341 4108 535 4196 Cicerone)
560 4113 730 4195 conspirat
746 4111 1052 4178 Halicarnassensis
1071 4147 1110 4157 —
1129 4112 1162 4176 et
1186 4114 1264 4176 sunt
1285 4130 1356 4193 per-

186 4223 398 4235 ——————-

273 4268 300 4336 *)
317 4285 357 4322 or.
375 4268 392 4338 5
412 4267 460 4323 12:
480 4269 537 4339 Ego
556 4287 601 4326 me
618 4289 700 4342 saepe
719 4287 792 4325 nova
811 4272 897 4327 videri
923 4270 1013 4326 dicere
1031 4270 1163 4340 intellego,
1184 4287 1267 4340 quum
1287 4288 1357 4339 per·

184 4360 304 4414 vetera
323 4358 420 4425 dicam,
439 4358 487 4415 sed
508 4359 629 4417 inaudita
648 4362 792 4433 plerisque.
