3100 4809
688 222 907 294 ..65-

359 403 397 473 αί
412 411 463 494 τὴν
485 403 521 471 ίσ
531 409 598 493 χὺν
615 409 666 469 καί
683 409 731 469 τὸν
753 411 864 469 τόνον
880 408 931 470 καί
948 409 1001 478 τὰς
1017 402 1227 492 ὁμοιοτρόπους
1244 404 1381 496 δυνάμεις

421 526 474 602 της
506 512 642 601 φράσεως
670 512 773 598 ἀρεταὶ
803 518 991 599 περιέχουσαι
1020 512 1175 598 (βάρος,
1207 518 1240 578 τὸ
1265 515 1384 602 έρρω·

422 627 548 709 μένον,
573 625 605 685 τὸ
630 619 873 704 ἐναγώνιον),

367 746 486 834 ἡδονὴ
510 749 562 810 καί
578 748 701 809 πειθὼ
721 748 773 810 καί
789 749 920 830 τέρψις
937 744 1029 830 (alibi
1045 752 1174 832 χοίρις,
1191 746 1384 836 ἀφροδίτη)

420 858 473 918 καί
496 850 526 917 ui
550 851 726 939 ὁμοιογενεῖς
749 851 859 937 ἀρεταί,

368 980 477 1064 ἀρετῶν
500 977 519 1066 Q
542 979 751 1064 nuptoru'n·Q‚*)
775 983 808 1041 τὸ
830 984 989 1064 πρέπον,
1015 981 1179 1065 aliaeque.

299 1123 453 1189 Nonnihil
486 1123 568 1188 lucis
603 1124 747 1187 afferunt
780 1124 822 1187 ad
847 1124 936 1188 hanc
960 1124 1039 1189 artis
1063 1125 1386 1216 partemiiiustran·

211 1233 286 1298 darn
310 1231 464 1296 Pietiin
489 1228 601 1312 (Rhet.
627 1250 673 1312 gr.
704 1229 759 1294 VII
783 1251 814 1313 p.
834 1232 897 1296 587
922 1249 971 1312 sq.
997 1231 1087 1309 WQ:
1117 1215 1296 1316 Ἑρμηνείας
1323 1230 1388 1317 ἤτοι

211 1341 347 1424 ρροίσεως
362 1334 452 1416 λόγου
476 1340 664 1420 τέσσαρες
687 1335 845 1420 ἀρεταί,
870 1335 939 1399 ἄνευ
959 1337 1037 1418 λε’γω
1054 1347 1110 1400 των
1126 1334 1388 1424 ἐσχηματισμένον

210 1447 261 1507 καί
284 1439 500 1529 αἰνιγρατωδων
523 1440 618 1523 λόγων
641 1447 693 1506 καὶ
717 1455 772 1505 των
796 1448 874 1507 κατὰ
898 1447 1018 1530 μίμησιν
1040 1449 1249 1529 γεγραμμένων
1271 1443 1389 1532 ἀσαφο-

208 1556 328 1637 γροίγων
357 1561 439 1613 τινων
469 1548 489 1635 Q
513 1555 730 1637 μακρηγόρων·
765 1547 795 1613 ἐν
817 1547 929 1623 τούτοις
951 1555 1008 1635 γὰρ
1032 1549 1122 1637 ἀρειη
1145 1547 1269 1632 γίγνεται
1293 1549 1312 1637 Q
1336 1561 1388 1616 τοῦ

209 1659 298 1739 λόγου
322 1661 435 1721 κακία·
461 1653 492 1719 αἱ
516 1657 548 1719 δὲ
570 1669 624 1744 της
646 1655 805 1744 ἑρμηνείας
826 1668 878 1722 τοῦ
894 1656 983 1739 λόγου
1000 1663 1141 1742 τέσσαρες
1157 1657 1258 1743 ἀρεταί
1274 1659 1388 1744 μᾶλλον

210 1765 242 1826 δὲ
272 1774 321 1828 τοῦ
351 1763 564 1827 διδασκαλικου
594 1767 647 1829 καί
678 1760 876 1847 ίστορικου**)
909 1766 1131 1850 καθεστήκασιν
1159 1763 1245 1829 αἵδε·
1270 1772 1390 1853 σαφη-

210 1869 1392 1957 νεια,συντομία,πιθανότης,μεγαλοπρέπειαὡςἸσοκράτεικοίὶ

207 1976 414 2061 Ἰἰμπεδοκλεί
437 1975 628 2058 Διονυσίῳ,
657 1974 860 2059 Φιλοστράτιρ,
888 1974 1053 2062 Ἰαμβλίχῳ
1079 1981 1131 2040 καὶ
1162 1990 1233 2041 πᾶσι
1252 1980 1392 2052 παλαιοῖς

211 2084 301 2162 δοκεῖ,
335 2086 368 2149 et
391 2084 574 2149 Taetzes
598 2083 681 2148 Chii.
705 2084 764 2147 XII
788 2104 817 2147 V.
837 2087 900 2149 566
925 2084 1061 2165 (Rooi'sl.
1086 2107 1117 2168 p.
1139 2087 1211 2167 4]);
1235 2083 1393 2170 Τέσσαρας

212 2188 302 2268 λόγου
326 2188 435 2273 ἀρετὰς
457 2191 574 2268 λέγουσι
598 2194 758 2275 πεφυκέναι
782 2186 984 2274 ὁἸσοκροίτης
1005 2186 1103 2275 ῥητωρ
1126 2212 1156 2253 τε
1171 2194 1224 2253 καί
1237 2187 1324 2264 αὐτὸς
1340 2195 1392 2256 καὶ

212 2292 402 2382 Ἀλκιδάμας
433 2295 449 2360 ὁ
479 2295 644 2383 Θεοδέκτης
673 2294 737 2382 ἅμα
766 2319 797 2359 τε
826 2300 878 2359 καί
902 2293 1098 2369 Μινουκιανὸς
1127 2298 1159 2360 δὲ
1188 2300 1238 2360 σὺν
1268 2296 1313 2371 οἷς
1341 2303 1394 2362 καί

213 2391 425 2476 Διονίσιος
448 2400 853 2488 ὁἋλικαρνασσόθεν
877 2400 1080 2487 Φιλόστρατος
1104 2408 1156 2467 καί
1179 2402 1272 2489 ἕτεροι
1295 2409 1392 2490 μυριοι

212 2520 268 2572 των
283 2506 415 2596 μητέρων
438 2517 576 2598 σαφές,
602 2512 965 2596 μεγαλοπρέπειαν,
989 2513 1199 2596 συντομον,
1224 2513 1394 2576 πιθανόν

212 2638 243 2678 τε
259 2621 333 2702 μετὰ
350 2629 401 2706 της
417 2616 595 2704 ὡραιότητος
618 2616 778 2704 ῥητορικῶν
794 2622 966 2704 σχημάτων,
986 2614 1193 2706 Ἐμπεδοκλῆς
1208 2622 1265 2702 πρὸ
1280 2623 1394 2682 πάντων

214 2746 244 2786 τε
268 2725 431 2812 μιλόσογιτς
455 2722 471 2788 δ
495 2730 588 2811 μέγας
614 2726 708 2805 (satis
733 2724 985 2806 confusei).***)

305 2851 348 2917 So
380 2873 447 2916 nou
480 2852 624 2936 primurn
656 2853 797 2917 virtutes
829 2852 988 2917 orationis
1020 2853 1169 2917 statuere
1194 2853 1253 2917 aut
1276 2852 1393 2916 distin·

218 2980 320 3042 guero
344 2960 415 3042 ipse
440 2961 584 3025 testatur
608 2960 784 3043 Dionysius
810 2960 850 3023 de
875 2958 981 3023 Thur.
1008 2979 1034 3023 o.
1060 2962 1102 3023 22
1132 2960 1243 3023 vorbis
1268 2956 1393 3044 ,εἴρηται

216 3068 340 3139 πολλοῖς
361 3063 521 3151 πρότερον.
544 3068 655 3149 Atque
676 3066 946 3132 Aristoteles
971 3068 1031 3131 art.
1049 3068 1133 3131 rhet.
1152 3067 1194 3131 [ΙΙ
1217 3086 1244 3131 o.
1264 3069 1280 3131 1
1307 3067 1392 3130 haec

217 3174 331 3239 docet:
363 3169 484 3257 ὡρίσθω
508 3173 651 3247 λέξεως
674 3172 791 3258 ἀρετὴ
815 3183 924 3259 σαρη
949 3168 1049 3235 εἶναι
1072 3173 1125 3255 (cf.
1151 3175 1239 3256 poet.
1265 3193 1292 3237 ο.
1318 3174 1394 3249 22)·

219 3385 312 3465 ’έργον
337 3381 389 3448 καί
412 3391 485 3471 μήτε
509 3389 642 3471 ταπεινὴν
665 3391 738 3473 μητε
761 3382 832 3470 ὑπὲρ
849 3388 881 3447 τὸ
898 3383 1023 3470 ἀξίωμα,
1047 3383 1128 3448 ἀλλὰ
1150 3388 1397 3468 πρέπουσαν·

220 3487 240 3574 Q
274 3494 330 3573 γὰρ
360 3496 496 3578 ποιητικὴ
524 3490 598 3565 ἴσως
626 3489 660 3555 σί)
684 3498 816 3579 ταπεινη,
850 3491 917 3557 ἀλλ’
942 3488 976 3555 oi)
999 3496 1150 3575 πρέπουσα
1173 3490 1269 3575 λόγῳ·
1292 3502 1347 3554 των
1371 3490 1397 3552 δ’

221 3594 370 3681 ὀνομάτων
393 3602 445 3661 καὶ
468 3596 606 3685 ῥημάτων
630 3610 712 3686 σαφῆ
736 3603 788 3683 μὲν
811 3603 945 3662 ποιεῖταί
968 3597 1098 3683 κιίρια,
1131 3603 1173 3684 μὴ
1196 3602 1332 3684 ταπεινὴν
1355 3598 1398 3682 δέ,

125 3720 132 3730 ·
221 3702 301 3769 ἀλλὰ
313 3710 539 3791 κεκοσμημένην
550 3704 647 3769 τᾶλλα
660 3702 790 3791 ὀνόματα
800 3704 857 3769 ὅσα
868 3705 979 3792 εἴρηται
992 3704 1021 3769 έν
1034 3716 1093 3778 τοῖς
1102 3710 1168 3789 περί
1175 3716 1329 3794 ποιητικῆς
1337 3709 1399 3771 etc.

311 3902 336 3968 *γ
354 3918 408 3956 nou
422 3902 520 3968 obstat,
534 3903 600 3971 quin
613 3903 701 3975 πρέπον
712 3902 738 3956 in
752 3902 899 3957 virtutihus
912 3903 1068 3957 accessoriis
1087 3903 1130 3969 sit,
1149 3904 1254 3957 namin
1270 3903 1398 3965 ἑτεδέιοις

221 3988 325 4062 ἀρεταῖς
345 3999 387 4046 est
407 3994 523 4047 oratoris
543 3991 662 4063 δεινότης.

313 4099 355 4165 **)
365 4101 509 4169 Dionysius
517 4117 627 4170 quoque
641 4102 674 4155 de
684 4099 878 4155 historicorum
888 4100 1040 4155 elocutione
1051 4100 1098 4156 ilia
1114 4100 1247 4169 imprimis
1258 4099 1399 4169 praecipit.

312 4207 373 4273 ***)
394 4208 529 4274 Quattuor
548 4226 608 4263 esse
626 4210 791 4277 easdemque
811 4209 994 4262 constentiunt
1012 4209 1111 4263 Pletho
1130 4213 1157 4261 et
1171 4208 1295 4262 Tzetzos:
1315 4204 1400 4274 σαγή-

223 4315 287 4349 νειαν
306 4314 400 4351 omnes
421 4304 551 4363 statuunt,
571 4297 701 4366 συντομίαν
719 4298 848 4352 Isocratei
867 4298 970 4362 volunt,
990 4303 1084 4351 contra
1103 4301 1206 4366 pugnat
1226 4296 1400 4357 Aristotelem

225 4386 364 4458 πιθανότης
383 4387 499 4441 fortasse
519 4404 553 4441 ex
572 4386 720 4440 rhetorices
740 4387 897 4441 definitione
917 4388 1012 4449 duota;
1032 4385 1241 4455 μεγαλοπρέπεια.

1224 4474 1240 4525 5
