3100 4809
707 244 1019 308 -29-·

223 429 260 495 In
285 429 335 493 his
361 428 467 493 tribus
491 426 642 510 partibus
659 423 850 487 dominetur
867 423 1111 505 compositionis
1129 423 1248 507 triplex
1264 443 1396 497 munus,

222 538 365 601 sednon
385 536 502 605 eadem
518 535 551 597 in
570 531 722 596 omnibns
741 531 782 608 vi,
800 532 837 592 ut
852 530 884 592 in
902 530 1012 593 incisis
1038 527 1166 614 άρμογη,
1191 530 1224 592 in
1241 532 1397 594 memhris

223 644 447 729 σχηματισμός,
486 640 520 702 in
553 637 910 720 comprehensionibus
943 638 1109 719 μετασκευὴ
1148 636 1244 699 facile
1275 637 1399 719 primus

224 752 348 815 tenent.
389 747 486 824 Quod
510 745 623 809 nescio
648 764 691 809 an
716 743 912 807 indicaverit
936 742 1121 824 Dionysius,
1147 742 1267 823 quide
1292 761 1398 826 comp.

223 859 322 938 ps20
352 854 560 918 subobscure
594 849 843 933 compositionis
883 869 1023 912 munera
1064 849 1108 911 itu
1142 849 1398 914 circumscribit:

220 956 304 1022 Ἔστι
337 959 373 1043 δὴ
407 967 459 1043 τῆς
494 957 662 1027 συνθέσεως
692 953 765 1037 ἔργα
796 950 911 1025 οίκείως
941 957 1038 1016 θεῖναι
1060 959 1097 1015 τά
1119 976 1149 1015 τε
1173 950 1303 1038 ὀνόματα
1326 958 1396 1038 παρ’

223 1065 344 1152 ἄλληλα
382 1066 437 1147 (=
460 1067 621 1147 κομμάτων
655 1059 798 1146 ἁρμογή),
833 1064 885 1122 καὶ
919 1069 980 1132 τοῖς
1013 1062 1123 1131 κῶλοις
1158 1059 1315 1123 ἀποδουναι
1348 1065 1400 1147 την

224 1176 432 1256 προσήκουσαν
462 1166 601 1254 ἁρμονίαν
634 1170 686 1230 καὶ
719 1177 785 1239 ταῖς
816 1167 960 1251 περιόδοις
984 1167 1132 1249 διαλαβεῖν
1157 1164 1259 1249 [αθτὸν
1280 1165 1400 1254 ὅλον]*)

225 1278 383 1364 τὸνλόγον
405 1276 461 1359 (cf.
485 1298 516 1359 p.
537 1277 624 1352 112).
671 1275 737 1338 Sed
762 1276 874 1339 serrat
898 1274 1086 1338 institutum
1111 1294 1223 1337 rerum
1248 1276 1398 1340 ordinem

226 1387 260 1449 et
282 1375 430 1467 ¹disputat
453 1384 596 1467 primum
620 1383 661 1447 de
685 1385 893 1465 κομμάτων
916 1379 1043 1465 ἁρμογη,
1074 1387 1280 1466 σχηματισμῷ,
1311 1404 1401 1466 μετα-

225 1500 327 1574 σκευῇ.

223 1634 246 1698 Ι.
270 1633 390 1712 Incisa,
412 1635 552 1717 κόμματα
576 1655 608 1716 p.
626 1635 679 1697 92.

269 1762 301 1834 a)
327 1749 487 1842 ἁρμογή.
512 1766 626 1839 πρῶτον
660 1759 711 1840 μὲν
734 1766 855 1818 σκοπεῖν
888 1763 968 1818 ποῖον
1001 1754 1094 1841 ὄνομα
1128 1753 1148 1841 ἢ
1184 1752 1266 1843 ρημα
1295 1755 1314 1844 ἢ
1344 1768 1400 1820 τῶν

330 1862 430 1926 ἄλλων
453 1885 478 1925 τι
500 1860 610 1948 μορίων
632 1866 706 1945 ποίιμ
732 1864 898 1948 συνταχθὲν
929 1859 1156 1948 ἐπιτηδείως
1188 1862 1297 1927 ἔσται
1325 1867 1400 1926 κεί-

330 1989 461 2054 μενον,
485 1972 537 2032 καί
560 1980 624 2041 πῶς
647 1965 702 2031 obn
718 1967 836 2053 ἄμεινον
848 1987 864 2020 ·-
878 1965 912 2031 ob
927 1973 984 2053 γάρ
1002 1970 1038 2055 δη
1055 1975 1150 2032 πάντα
1165 1975 1273 2054 γεμετό.
1287 1976 1399 2034 πάντων

330 2078 470 2161 τιθέμενα1
494 2072 603 2161 ὁμοίως
626 2080 739 2163 πέφυκε
762 2071 907 2139 θιαθειναι
931 2100 983 2148 τας
1006 2077 1169 2155 ακοας.**)

269 2203 304 2282 b)
331 2206 598 2287 σχηματισμός..
614 2200 713 2263 ἔπειτα
728 2197 881 2284 διακρίνειν
896 2212 959 2273 πῶς
978 2205 1256 2288 σχηματισθὲν
1271 2200 1398 2289 τοῦνομα

331 2305 350 2393 ἢ
375 2312 407 2370 τό
431 2304 512 2394 βῆμα
535 2305 555 2393 ἢ
578 2318 634 2370 τῶν
664 2307 764 2370 όίλλων
795 2305 946 2393 ὁτιδήποτε
976 2313 1166 2393 χαριέστερον
1194 2305 1400 2396 ἱδρυνθησεται

332 2418 383 2477 καί
405 2418 481 2497 πρός
502 2418 539 2478 τὰ
561 2410 739 2499 ὑποκείμενα
762 2412 1009 2498 πρεπωδέστερον.
1044 2417 1122 2497 λέγω
1145 2416 1178 2477 δὲ
1201 2413 1247 2478 ἐπί
1271 2420 1323 2500 μὲν
1345 2427 1401 2481 τῶν

273 2559 277 2571 ·
333 2519 529 2607 ὀνομάτων
552 2525 672 2604 πότερον
686 2518 799 2593 Ιἑνικῶς
821 2519 840 2607 ἢ
856 2525 1065 2608 πληθυντικῶς
1079 2524 1289 2609 λαμβανόμενα
1304 2521 1401 2607 κρείτ-

331 2652 371 2692 τω
395 2632 519 2715 ληψεται
542 2626 693 2709 συζυγίαν·
717 2624 768 2691 καί
791 2634 912 2713 πότερον
935 2635 1014 2694 κατὰ
1038 2634 1089 2716 τὴν
1106 2629 1202 2716 όρθην
1217 2628 1400 2718 ἐκφερόμενα

331 2747 436 2799 πτῶσιν
459 2734 478 2821 ἢ
502 2739 580 2799 κατὰ
604 2745 658 2798 τῶν
675 2737 806 2815 πλαγίων
817 2742 899 2799 τινά·
931 2740 982 2800 καί
1005 2736 1033 2799 εί
1045 2760 1105 2800 τινα
1121 2743 1248 2826 πέφυκεν
1269 2736 1299 2810 ἐξ
1315 2736 1400 2822 αρσε·

332 2854 419 2908 νικῶν
449 2845 581 2924 γίνεσθαι
611 2840 776 2928 θηλυκάῆ
810 2840 845 2905 ἐκ
874 2846 1018 2930 θηλυκῶν
1046 2843 1185 2928 ἀρσενικὰ
1209 2843 1228 2931 ἢ
1252 2842 1399 2930 οὐδέτερα,

333 2947 368 3013 ἐκ
400 2952 506 3013 τοότων
535 2961 599 3022 πῶς
631 2947 665 3013 ἂν
697 2947 813 3036 ἄμεινον
847 2947 1066 3037 σχηματισθείη
1090 2954 1142 3013 καὶ
1165 2957 1259 3016 πάντα
1282 2956 1317 3016 τά
1341 2973 1400 3014 τοι-

333 3069 416 3121 αῦτα.
433 3055 526 3120 error
539 3068 594 3120 τῶν
609 3053 789 3143 ρημάτων
805 3063 913 3140 πότερα
926 3063 1074 3142 κρείττονα
1086 3058 1166 3121 ἔσται
1179 3061 1398 3144 λαμβανόμενα,

332 3168 369 3228 τὰ
398 3162 479 3248 ὀρθὰ
501 3162 525 3249 ἢ
544 3160 646 3226 θπτια·
678 3167 731 3226 καὶ
760 3169 838 3228 κατὰ
870 3161 956 3236 ποίας
980 3161 1124 3245 ἐγκλίσεις
1146 3163 1338 3253 ἐκφερόμενα,
1363 3167 1401 3238 ἃς

333 3271 370 3358 δη
386 3270 529 3354 τινες***)
546 3274 668 3343 πτώσεις
683 3267 849 3355 ῥηματικὰς
864 3271 988 3335 καλοῖσι
1002 3276 1158 3358 κρατίστην
1173 3271 1261 3356 ἕδραν
1276 3272 1401 3356 λήψεται

334 3378 388 3459 (cf.
413 3397 499 3459 quae
523 3379 610 3443 infre
634 3378 675 3442 de
699 3380 804 3441 κώλων
827 3389 1024 3464 σχηματισμῷ
1048 3380 1223 3464 disputat)·
1239 3383 1300 3443 καὶ
1315 3383 1400 3451 ποίας

332 3488 569 3572 παρεμφαίνοντα
591 3482 735 3572 διαφορὰς
758 3490 875 3569 χρόνων.
894 3487 946 3547 καί
969 3483 996 3547 εί
1016 3508 1077 3554 τινα
1098 3496 1160 3559 τοῖς
1175 3483 1300 3573 βήμασιν
1316 3485 1398 3550 ἄλλα

332 3593 574 3675 παρακολουθεῖν
597 3597 717 3678 πέφυκε.
740 3597 776 3656 τά
799 3592 832 3654 δὲ
855 3589 930 3655 αὐτὰ
960 3603 1051 3656 ταυτα
1079 3597 1130 3656 καὶ
1153 3592 1199 3656 ἐπὶ
1222 3606 1277 3657 τῶν
1301 3594 1400 3657 ἄλλοιν

333 3696 496 3780 τοῦλόγου
520 3710 616 3785 μερῶν
639 3691 814 3786 φυλακτέον,
836 3696 885 3762 ἵνα
908 3702 950 3785 μὴ
973 3702 1050 3761 καθ’
1075 3701 1104 3764 ἓν
1120 3698 1243 3764 ἕκαστον
1258 3699 1378 3782 λέγωί)

442 3823 446 3831 ι

319 3895 346 3963 *)
365 3893 438 3948 αὐτὸν
456 3855 514 3948 ὅλον
533 3868 723 3965 expellendum
742 3880 819 3966 puto.

319 4002 360 4067 **t
380 4002 455 4069 Quae
483 4008 577 4056 contra
606 4004 673 4056 haee
702 4009 845 4073 praecepta
870 4009 1016 4073 peccantur
1044 4022 1061 4058 a
1089 4005 1247 4073 Thucydide
1272 4010 1348 4059 notat
1367 4005 1401 4059 de

228 4090 313 4145 Thue.
334 4088 356 4146 e,
375 4090 411 4144 24
429 4109 455 4161 p.
469 4092 520 4146 867
540 4092 564 4144 R
582 4098 618 4158 (v.
639 4092 725 4156 1-5).

320 4196 381 4264 ***)
400 4197 558 4252 Aristoteles
579 4205 649 4268 poet.
669 4217 691 4253 c.
711 4200 745 4251 20
764 4197 870 4267 ,βάδιζει
890 4206 981 4261 πτῶσις
1000 4199 1125 4272 βήματος.

323 4302 346 4365 ί)
365 4304 460 4358 melius
481 4310 510 4356 nt
529 4310 726 4373 cognoscuntur·
746 4306 812 4358 haec
830 4311 975 4374 praecepta
995 4323 1019 4370 r.
1039 4307 1120 4359 etiam
1148 4307 1247 4373 quihus
1273 4307 1300 4360 in
1319 4307 1399 4360 rebus

228 4393 411 4463 reprehendat
429 4393 626 4461 Thucydidem,
653 4396 686 4447 de
705 4393 791 4447 Thur.
818 4410 840 4448 c.
860 4393 895 4446 24
919 4395 1011 4462 psssst
1030 4399 1064 4460 (ν.
1081 4398 1107 4458 εἰ)
1126 4423 1158 4431 -
1178 4412 1204 4464 p.
1224 4395 1277 4449 86⁸
1295 4396 1329 4460 (v.
1347 4395 1395 4456 10).
