3100 4809
700 234 916 297 ...59-

215 412 317 496 μέλλω
348 421 450 486 ποιεῖν,
485 411 592 495 ἀνδρὸς
621 409 727 496 ἀρετὴν
757 407 804 472 διὰ
834 407 928 491 λόγων
959 410 1157 495 ἐγκωμιάζειν.
1203 416 1324 496 σημεῖον
1355 406 1390 470 δὲ

218 523 368 603 μέγιστον·
393 522 458 602 περὶ
474 522 597 604 μὲνγὰρ
621 517 720 580 ἄλλων
735 518 851 579 πολλῶν
867 519 919 579 καί
941 517 1132 581 παντοδαπῶν
1142 518 1234 596 λέγειν
1247 518 1392 602 τολμῶσιν

213 624 240 689 οἱ
258 629 324 710 περὶ
346 630 397 712 τὴν
413 628 586 712 φιλοσοφίαν
603 623 690 695 ὄντες,
712 628 775 707 περί
792 624 824 686 δὲ
840 634 895 686 τῶν
911 627 1043 687 τοιοθτων
1062 621 1156 696 οὐδεὶς
1171 628 1280 686 πώποτ’
1297 620 1391 687 ἀὐτῶν

213 737 386 820 συγγράφειν
415 731 610 818 ἐπεχείρησεν.
655 735 707 793 παὶ
737 732 850 816 πολλὴν
879 727 978 802 αυτοῖς
1008 730 1076 816 ἔχωἸ
1106 735 1286 816 συγγνώμην.
1332 739 1391 802 τοῖς

214 845 266 926 μέν
288 844 345 923 γὰρ
368 849 503 924 ποιηταῖς
524 834 629 901 πολλοί
652 838 781 899 δέδονται
804 835 927 921 κόσμοι·
951 840 1002 900 καί
1017 842 1074 920 γάρ
1089 841 1306 923 πλησιάζοντας
1322 840 1389 910 τοὺς

214 950 306 1019 θεοὺς
321 956 394 1018 τοῖς
427 945 596 1030 ἀνθρώποις
624 941 708 1006 οἷοντ’
741 940 840 1016 αὐτοῖς
870 956 988 1030 ποιησαι
1017 947 1069 1007 ναί
1092 944 1317 1029 διαλεγομένους
1339 947 1390 1009 καί

215 1057 496 1139 συναγωνιζομένους
526 1050 568 1124 οἷς
601 1050 636 1114 ἂν
666 1051 840 1137 βουληθῶσι
871 1055 922 1114 καί
951 1054 1017 1136 περί
1048 1055 1153 1114 τοίιτων
1185 1051 1318 1138 δηλῶσαι
1349 1054 1390 1136 μὴ

216 1278 339 1343 καινοῖς,
375 1272 411 1331 τὰ
446 1267 478 1329 δὲ
512 1275 691 1352 μεταφοραῖς
721 1268 773 1329 παὶ
806 1265 896 1351 μηδὲν
920 1266 1104 1349 παραλιπεῖν,
1138 1264 1217 1328 ἀλλὰ
1240 1276 1311 1327 πᾶσι
1332 1273 1392 1336 τοῖς

215 1373 302 1437 εἰθεσι
325 1375 506 1437 διαποικίλαι
530 1378 580 1459 τὴν
603 1377 725 1458 ποίησιν.
751 1381 810 1444 τοῖς
833 1373 865 1436 δέ
888 1376 952 1456 περί
977 1375 1044 1444 τοὺς
1066 1376 1174 1453 λόγους
1196 1369 1280 1436 οὐδὲν
1302 1370 1392 1442 ἔξεστι

214 1491 270 1569 τῶν
292 1483 427 1543 τοιουτων
451 1488 507 1558 (ne
532 1481 735 1563 metaphoris
761 1481 893 1563 quidem
920 1481 990 1544 uti‘?
1014 1482 1105 1564 purei
1131 1482 1203 1544 erut
1228 1480 1260 1542 in
1279 1481 1392 1542 ¹meta-

217 1588 330 1671 phoris
355 1588 488 1651 utendis
511 1589 692 1668 Isocrutei),
726 1586 794 1649 ἀλλ’
826 1585 984 1670 ἀποτόμως
1006 1590 1057 1649 ναί
1080 1598 1136 1648 τῶν
1159 1584 1309 1671 ὀνομάτων
1332 1593 1392 1656 τοῖς

215 1695 375 1763 πολιτικοῖς
404 1690 491 1777 μόνον
514 1696 644 1755 καὶτῶν
674 1691 890 1778 ἐνθυμημάτων
914 1703 973 1761 τοῖς
997 1696 1061 1776 περὶ
1084 1692 1176 1764 αίιτάς
1199 1697 1253 1765 τάς
1275 1692 1394 1776 πράξεις

217 1797 377 1879 ἀναγκαῖόν
401 1796 461 1861 ἐστι
485 1802 628 1886 χρῆσθαι.
674 1804 748 1882 πρὸς
779 1800 811 1861 δέ
841 1803 952 1871 τουτοτς
981 1796 1008 1862 οἱ
1036 1804 1088 1881 μέν
1112 1804 1185 1885 μετὰ
1208 1804 1320 1885 μέτρων
1343 1801 1394 1862 καί

216 1905 339 1991 ῥυθμῶν
359 1905 473 1969 ἅπαντα
489 1916 631 1970 ποιοῦσιν·
655 1903 682 1967 οἱ
697 1907 723 1967 δ’
741 1903 859 1978 οὐδενὸς
874 1910 980 1968 τουτων
995 1916 1188 1973 κοινωνοῦσιν.
1213 1909 1233 1970 ἃ
1251 1905 1394 1992 τοσαύτην

217 2012 281 2098 ἔχει
303 2018 401 2098 χάριν,
427 2010 494 2075 ὥστ’
519 2010 555 2075 ἂν
577 2015 629 2074 καὶ
651 2010 686 2096 τ’γγ
710 2012 785 2084 λέξει
808 2016 943 2085 καὶτοῖς
967 2011 1174 2100 ἐνθυμήμασιν
1196 2013 1255 2099 ἐχη
1279 2025 1393 2091 κακῶς,

217 2117 300 2203 ὅμως
323 2116 424 2191 αθταῖς
447 2130 511 2191 ταῖς
534 2115 708 2204 ευρυθμίαις
730 2122 782 2182 καὶ
798 2130 862 2191 ταῖς
878 2119 1070 2205 συμμετρίαις
1093 2125 1304 2206 ψυχαγωγουστ
1327 2123 1394 2193 τοὺς

218 2224 387 2298 ἀκοίοντας.
433 2228 516 2291 Cum
542 2228 687 2291 Isocrate
712 2227 879 2290 consentit
901 2228 1170 2292 Aristoteles
1195 2229 1281 2293 rhet.
1304 2229 1349 2292 ΙΙΙ
1373 2231 1392 2292 2

218 2356 250 2417 p.
271 2336 401 2399 140521:
426 2336 554 2416 τοσουτῳ
578 2334 603 2394 δ’
621 2331 651 2395 ἐν
672 2331 753 2416 λόγῳ
776 2333 820 2395 δεῖ
835 2333 950 2417 μᾶλλον
966 2335 1189 2421 φιλοπονεῖσθαι
1209 2330 1273 2417 περὶ
1290 2330 1392 2412 αὐτῶν,

217 2438 278 2524 ὅσῳ
311 2438 341 2512 ἐξ
372 2438 531 2504 ἐλαττόνων
561 2440 764 2526 βοηθημάτων
789 2438 805 2503 ὁ
828 2441 916 2521 λόγος
939 2439 999 2503 ἐστὶ
1022 2452 1076 2504 τῶν
1100 2446 1222 2525 μέτρων,
1268 2443 1393 2507 Similia

217 2553 294 2614 sunt
334 2570 420 2631 qnae
452 2549 627 2632 Dionysius
652 2549 682 2631 ρ,
701 2550 877 2613 {ruo-382
908 2550 1064 2632 disputat.
1111 2550 1180 2614 Nec
1211 2550 1317 2614 solum
1350 2551 1393 2614 ab

217 2659 364 2722 Isocrate
390 2658 423 2719 et
446 2656 622 2719 Aristotele
647 2656 814 2736 exagitata
838 2660 910 2719 emt
935 2657 1018 2721 haee
1043 2659 1205 2740 quaestio
1238 2657 1297 2721 sed
1322 2661 1393 2722 erat

218 2764 251 2827 in
275 2764 443 2828 rhetorum
459 2763 632 2845 disciplina
649 2764 748 2827 etiam
766 2764 976 2828 Ciceronis
1001 2767 1122 2846 notato,
1148 2766 1201 2848 qui
1223 2765 1294 2848 ipse
1317 2786 1394 2830 ora-

218 2874 327 2936 torum
353 2871 580 2935 condicionem
606 2873 714 2934 minus
739 2873 857 2936 durum
882 2874 979 2954 putat
1002 2893 1103 2955 qnam
1125 2874 1301 2941 Isocrates,
1327 2872 1394 2935 To-

203 2977 289 3043 'tum
322 2999 362 3043 ex
391 2980 523 3042 oratore
556 2978 664 3041 iocum
690 2999 870 3062 apponam,
907 2982 943 3042 ut
967 3000 1069 3062 quum
1094 2984 1250 3043 accurate
1275 2979 1326 3043 his
1350 2980 1391 3044 de

218 3088 318 3150 rebus
354 3087 418 3150 iam
453 3089 530 3150 ante
561 3085 751 3168 Dionysium
784 3087 988 3169 disputatum
1023 3088 1064 3150 sit
1088 3088 1318 3167 cognoscatur,
1345 3106 1392 3151 or.

218 3215 243 3258 ο.
270 3196 330 3259 20:
363 3194 425 3270 ,Ab
456 3194 506 3257 his
537 3214 603 3256 non
639 3194 742 3257 multo
772 3214 869 3257 secus
902 3214 1002 3276 quam
1033 3215 1052 3258 a
1084 3195 1190 3277 poetis
1214 3195 1299 3260 haec
1324 3194 1392 3258 olo·

218 3303 356 3385 quentia
399 3321 498 3384 quum
536 3302 727 3383 quaerimus
772 3303 960 3365 revocando
1000 3301 1104 3381 est.*)
1166 3301 1251 3365 Nam
1291 3300 1392 3365 etiam

217 3412 336 3493 poetae
377 3410 604 3492 quaestionem
642 3409 842 3476 attuierunt,
878 3408 1036 3490 quidnum
1071 3411 1159 3472 esset
1195 3407 1290 3478 iilud,
1325 3427 1392 3489 quo

217 3516 278 3599 ipsi
301 3517 473 3579 differrent
499 3514 541 3578 ub
567 3515 765 3579 oratoribus,
813 3515 1002 3578 Numero
1028 3515 1169 3580 maxime
1195 3515 1393 3579 videbantur

216 3625 317 3686 antea
341 3625 373 3687 et
397 3643 496 3685 versu
514 3621 708 3704 [Isocratem
735 3625 766 3687 ot
784 3622 997 3687 Aristotelem
1014 3621 1165 3707 alludit}
1190 3642 1280 3686 nunc
1303 3622 1391 3706 apud

216 3732 365 3794 oratores
397 3730 463 3794 iam
494 3731 563 3813 ipse
596 3750 754 3794 numerus
787 3730 959 3794 increbuit.
1007 3729 1173 3811 Quidquid
1210 3732 1260 3794 est
1292 3731 1392 3807 enim,

216 3838 305 3918 qnod
330 3839 393 3900 suli
424 3838 554 3901 aurium
579 3858 770 3901 mensuram
798 3838 943 3920 aliquam
970 3838 1066 3913 cudit,
1099 3837 1227 3901 etiamsi
1251 3837 1391 3901 abesto

216 3964 315 4027 versu
342 3983 378 3991 -
406 3966 486 4009 nam
516 3946 549 4008 id
580 3946 712 4027 quidem
744 3945 903 4009 orationis
934 3947 985 4008 est
1017 3944 1133 4007 vitium
1159 3980 1197 3991 -
1234 3965 1392 4009 numerus

192 4035 362 4130 uocatur,
388 4054 444 4135 qni
469 4073 588 4133 graeco
611 4048 729 4136 ῥυθμὸς
751 4053 879 4115 dicitur.
926 4052 1076 4134 ltaque
1100 4052 1225 4116 video
1252 4050 1391 4115 risum

216 4180 310 4224 esse
356 4160 579 4223 nonnuliis
615 4158 765 4224 Plutonis
798 4163 831 4223 et
861 4157 1040 4223 Democriti
1072 4159 1292 4236 locutionem,
1330 4158 1392 4222 etsi

305 4305 327 4369 *)
346 4271 497 4357 orationem
516 4303 634 4356 solutam
659 4303 810 4371 profectam
838 4320 897 4356 esse
921 4319 937 4354 a
957 4301 1063 4370 poetica
1090 4301 1154 4354 dicit
1180 4301 1277 4357 Strabo
1297 4300 1308 4353 1
1327 4300 1345 4353 2
1363 4319 1390 4374 p.

215 4392 249 4449 27
269 4394 390 4450 Tauchu.
410 4392 535 4465 (Spengel
553 4393 645 4449 adnot.
665 4393 699 4445 ad
719 4392 802 4444 Arist.
823 4398 872 4451 art.
892 4408 930 4454 or.
951 4392 986 4455 ur
1007 4408 1028 4453 ς.
1050 4391 1084 4457 1).
