3100 4809
670 201 888 269 ...80-

181 381 273 464 λέγειν
296 377 327 446 εὖ
350 381 438 446 καλοὶ
461 383 513 445 καὶ
536 378 777 469 δεδοκιμασμένοι
801 382 954 463 νιανόνες*)
979 378 1057 467 ὦσιν,
1083 377 1129 469 ἐφ’
1155 376 1195 447 ὧν
1219 388 1361 471 ποιήσον-

184 514 229 553 ται
251 494 304 562 τὰς
327 494 405 553 κατὰ
428 495 519 575 μέρος
540 489 713 577 γυμνασίοις,
737 493 779 577 μὴ
795 494 888 553 πάντα
910 486 1080 576 μιμούμενοι
1099 495 1135 555 τὰ
1151 502 1221 575 παρ’
1238 489 1361 565 ἐκείνοις

182 598 302 684 κείμενα
336 608 398 671 τοῖς
432 597 577 681 ἀνδράσιν,
613 596 693 661 ἀλλὰ
723 601 777 670 τὰς
807 600 859 683 μὲν
889 597 997 681 ἀρετὰς
1027 593 1121 660 αὐτῶν
1152 599 1360 683 λαμβάνοντες,

183 709 237 777 τὰς
274 704 299 766 δ’
340 702 504 791 ἀποτυχίας
550 702 768 792 φυλαττόμενοι.
830 705 955 769 Οοιιὶια
998 706 1087 770 hanc
1132 706 1360 790 praecipiendi

184 813 347 878 rationem
380 833 581 896 omnemque
611 813 816 878 Graecorum
856 833 983 878 morem
1018 833 1085 877 uon
1122 833 1201 888 sua,
1238 815 1297 877 sed
1321 834 1362 879 ex

182 921 315 1004 optimis
333 921 563 1005 ‚scriptoribus
595 924 730 1005 sumpta
761 922 915 1004 exempla
948 920 1094 1003 ponendi
1131 924 1260 1005 pugnat
1290 941 1356 985 non

184 1028 255 1092 sine
280 1029 435 1112 superbia
461 1031 548 1093 auct.
575 1029 618 1092 ad
642 1028 789 1093 Herenn.
814 1028 860 1093 IV
883 1048 911 1095 c.
933 1029 1016 1092 l-8
1040 1027 1113 1093 loco
1137 1028 1280 1095 lectione
1312 1029 1360 1093 di·

184 1137 358 1216 gnissimo:
394 1135 568 1212 ,Quoniam
608 1137 641 1199 in
678 1136 741 1200 hoc
776 1136 869 1219 libre,
905 1138 1064 1218 Herenni,
1100 1137 1142 1201 de
1174 1137 1360 1201 elocutione

184 1243 440 1326 conscripsimus
475 1243 519 1321 et,
552 1243 672 1325 quibus
707 1243 741 1306 in
776 1245 878 1308 rebus
914 1265 998 1328 opus
1025 1243 1088 1308 luit
1121 1243 1279 1327 exemplis
1303 1243 1361 1322 uli,

184 1349 589 1433 nostrisexemplis
614 1350 679 1413 usi
704 1371 846 1414 sumus
872 1353 913 1415 ot
936 1351 973 1414 id
999 1351 1167 1415 fecimus
1191 1352 1360 1434 praeter

185 1457 552 1521 cousuetudinem
594 1457 873 1535 Graecorum,
913 1458 968 1540 qui
1004 1458 1045 1522 de
1084 1459 1149 1522 hac
1180 1478 1216 1522 re
1255 1458 1360 1541 scrip·

185 1566 312 1642 serunt,
344 1565 534 1630 necessario
565 1564 756 1628 faciendum
789 1566 849 1642 est,
886 1567 923 1628 ut
953 1565 1117 1629 rationem
1150 1565 1254 1629 nostri
1282 1585 1359 1629 con·

185 1671 247 1735 silli
277 1671 416 1736 demus‘
452 1675 514 1737 ete.
561 1673 665 1736 Locos
695 1692 735 1735 ex
767 1672 913 1753 antiquis
946 1672 1141 1756 desumplos
1181 1672 1358 1736 maximam

185 1781 316 1862 partem
350 1779 508 1843 librorum
544 1779 746 1843 rhetoricum
783 1778 967 1862 explevisse
1002 1779 1099 1843 docet
1133 1778 1233 1862 paulo
1263 1779 1357 1861 post:

185 1887 216 1969 (ἓ
243 1889 275 1967 5)
300 1886 395 1967 ,Nam
420 1887 444 1950 si
471 1906 586 1951 eorum
610 1887 788 1951 volumina.
804 1886 1046 1969 prehenderint
1062 1886 1189 1966 antiqui
1206 1887 1358 1949 oratores

186 1997 219 2059 et
249 1997 368 2077 poetae
400 1997 432 2059 et
463 2013 562 2058 suum
594 1995 736 2077 quisque
769 1994 811 2058 de
843 1993 934 2070 libris
959 1992 1140 2068 sustulerit,
1172 1992 1252 2056 nihil
1279 1991 1357 2079 istis,

186 2102 275 2185 quod
300 2122 397 2166 suum
421 2103 534 2180 velint,
558 2102 789 2186 relinquatur}

275 2209 421 2293 Dionysii
461 2210 560 2291 igitur
599 2209 719 2274 iudicia
763 2209 929 2273 artissime
971 2229 1044 2273 cum
1084 2210 1156 2272 arte
1194 2207 1360 2271 rhetorica

185 2318 367 2382 cohaerent
390 2318 492 2398 atque
516 2316 603 2380 inter
626 2316 727 2380 libros
751 2316 935 2381 rhetoricos
960 2318 1040 2380 sunt
1062 2314 1251 2380 referenda.
1290 2314 1360 2378 Hac

186 2445 290 2489 causa
316 2425 478 2488 adductus
496 2444 580 2504 sum,
607 2426 641 2488 ut
657 2422 965 2488 Halicarnassensis
983 2443 1086 2507 opera
1102 2423 1215 2488 critica
1238 2423 1302 2486 hac
1319 2423 1361 2485 de

185 2532 333 2596 lontibus
357 2531 529 2595 rhetoricis
555 2530 752 2612 quaestione
778 2530 1027 2614 complecterer.
1066 2531 1132 2595 Sed
1156 2550 1232 2595 cum
1256 2548 1360 2611 quae-

186 2639 327 2704 stionem
352 2638 393 2702 de
410 2638 566 2702 omnibus
583 2638 810 2721 scriptoribus,
836 2657 976 2720 quorum
994 2637 1046 2701 vel
1064 2658 1103 2701 ex
1120 2636 1292 2721 proposito
1308 2635 1360 2699 vel

186 2746 292 2810 obiter
316 2765 493 2810 censuram
518 2745 585 2826 egit
601 2745 789 2828 Dionysius,
814 2747 847 2808 et
862 2744 939 2808 iusti
955 2744 1029 2808 libri
1046 2744 1208 2809 ambitum
1225 2747 1258 2807 et
1274 2743 1360 2807 vires

186 2851 283 2918 meas'
302 2852 464 2917 excedere
487 2853 656 2931 sentirem,
691 2851 921 2933 gravissimam
945 2852 1138 2916 iudiciorum
1163 2852 1294 2933 partem
1317 2850 1359 2913 de

186 2959 436 3025 oratoribus
460 2960 673 3025 tractandam
696 2957 775 3023 mihi
807 2959 933 3043 sumpsi
969 2958 1102 3041 reliquis
1136 2958 1169 3021 in
1197 2976 1358 3040 praesens

186 3067 353 3151 sepositis
1183 3065 1185 3069 '

471 3243 475 3248 .
537 3192 593 3259 De
618 3194 840 3261 oratoribus
864 3194 1004 3261 atticis.

275 3319 360 3383 Cum
384 3318 525 3385 Graecia
549 3320 669 3384 civium
693 3321 869 3404 pravitate,
893 3319 1115 3385 Macedonum
1139 3318 1271 3402 opibus,
1303 3315 1363 3379 ali-

186 3427 313 3509 quanto
337 3428 413 3509 post
437 3426 598 3490 Romanis
623 3447 683 3510 per
700 3429 806 3492 totum
828 3447 921 3492 mare
938 3428 1107 3491 internum
1124 3425 1263 3507 eiusque
1288 3444 1363 3488 oras

185 3532 366 3596 victoribus
383 3535 416 3597 et
433 3533 717 3617 triumphantibus
734 3535 776 3599 ad
794 3534 1025 3599 tenuissimam
1041 3532 1204 3596 libertatis
1217 3531 1362 3614 speciem

185 3639 553 3725 reclactaaappnoiailla,
569 3641 1038 3723 fecundissirnaingenuorum
1049 3642 1217 3706 oratorum
1228 3655 1363 3720 parens,

186 3765 204 3809 e
230 3744 301 3809 foro
325 3747 359 3810 et
375 3766 392 3810 e
411 3746 475 3811 vita
494 3747 628 3811 sublata
642 3750 748 3813 esset:
773 3748 816 3813 ad
834 3748 1045 3831 antiquorum
1064 3748 1236 3811 oratorum
1253 3742 1364 3807 studia

187 3851 414 3934 confugerunt
437 3853 590 3918 homines
615 3854 753 3930 eruditi3
779 3855 968 3919 orationum
991 3852 1162 3917 volumina
1195 3849 1362 3915 convehe-

186 3947 327 4038 bantur,
365 3959 398 4023 in
429 3958 581 4024 ordinem
613 3960 875 4042 redigebantur,
916 3961 1061 4041 genuina
1099 3958 1366 4023 secernebanlur

186 4065 318 4148 spuriiS,
334 4068 514 4130 oratorum
533 4067 671 4131 virtutes
689 4068 722 4130 in
740 4067 1024 4151 comparationem
1040 4067 1182 4131 vocatae
1198 4064 1365 4147 pondera·

190 4171 326 4237 bantur.

277 4292 303 4362 *)
321 4294 350 4347 in
368 4295 509 4349 rhetorum
529 4297 764 4366 praeceptionibus
778 4303 859 4367 atque
873 4299 1004 4369 exemplis
1023 4300 1107 4353 latent
1126 4310 1263 4352 canonum
1282 4293 1364 4364 scrip·

188 4386 279 4437 torum
297 4382 482 4437 fundamenta.
