3100 4809
647 209 865 275 ..34-

252 388 431 453 Auctorem
457 388 554 454 affert
578 409 782 471 quamquam
808 409 875 452 non
904 390 1009 472 ipsius
1045 389 1086 455 de
1110 388 1209 474 Lysia
1232 391 1341 455 iudicii

163 518 190 561 r.
217 500 236 561 3
261 496 499 575 Timaeum,
531 496 587 579 qui
621 496 786 578 tropicam
818 497 1006 562 orationem
1039 499 1114 562 inde
1145 499 1188 563 ab
1220 498 1340 579 Gorgia

162 605 303 670 Athenis
334 623 468 687 qnoque
500 603 645 684 grassari
679 605 829 685 coepisse
857 604 1004 681 tradidit,
1037 609 1070 671 et
1101 626 1129 670 c.
1159 604 1340 669 ssTlreo·

161 712 329 796 phrasti
348 710 550 775 sententiam
566 710 752 792 impugnat,
771 711 827 792 qui
841 711 1000 776 orationis
1019 714 1173 777 concisae
1184 714 1216 776 et
1231 713 1338 775 brevis

160 822 332 883 auctorem
339 816 628 900 Thrasymachum
637 814 740 880 fuisse
749 818 893 883 volebat.
908 818 1061 884 Eundem
1069 819 1337 902 Theophrastum

160 926 265 1008 carpit
289 946 316 990 c.
344 925 383 989 14
407 945 440 1006 ρ.
464 924 540 1002 483,
565 924 654 1006 quod
671 922 790 1007 Lysiae
815 926 952 989 nimium
970 928 1115 990 studium
1142 927 1336 990 elocutionis

158 1033 308 1116 poeticae
333 1034 366 1095 et
390 1031 552 1111 figuratae
577 1032 841 1113 opprobraverit.
874 1033 1059 1117 Praecepta
1085 1036 1229 1099 oratoria
1249 1054 1336 1115 quae

157 1141 237 1205 satis
267 1140 403 1219 largiter
435 1137 593 1219 inspersit
627 1157 667 1200 ex
708 1138 955 1203 Isocrateorum
987 1142 1160 1224 disciplina
1201 1141 1336 1204 llnxisse

156 1269 259 1332 supra
283 1246 468 1310 docuimus,

245 1373 424 1437 Videamus
446 1372 513 1435 iam
538 1389 625 1451 quae
650 1370 773 1434 fuerint
790 1374 868 1436 ante
885 1372 1078 1457 Dionysium
1101 1375 1222 1439 iudicia
1247 1376 1334 1437 viro·

154 1503 228 1546 rum
252 1481 437 1544 doctorum.
484 1476 583 1559 Apud
609 1476 860 1557 Platonem,
892 1500 1001 1544 acrem
1035 1481 1153 1565 Lysiae
1185 1483 1334 1562 exagita-

155 1594 270 1667 torem,
293 1586 472 1650 Phaedrus
497 1585 636 1648 virtutes
665 1585 807 1648 oratoris
831 1587 957 1666 laudat,
989 1589 1143 1653 Socrates
1176 1591 1254 1654 vilia
1285 1611 1332 1654 re·

153 1694 341 1778 prehendit,
365 1692 454 1773 qnod
478 1691 633 1754 iudicium
667 1711 733 1754 non
764 1693 906 1757 multum
936 1694 1105 1779 discrepat
1139 1698 1182 1761 ah
1212 1699 1332 1761 iudicio

154 1800 311 1884 Dionysii,
336 1799 393 1880 qui
416 1797 568 1862 Platonis
594 1798 788 1863 Phaedrum
824 1800 994 1881 dialogum
1019 1803 1136 1866 alludit
1166 1804 1206 1868 de
1230 1806 1330 1869 lsocr.

152 1908 217 1972 iud.
242 1928 269 1974 c.
298 1909 338 1972 12
362 1928 394 1989 p.
430 1906 493 1969 558
518 1905 558 1970 R.
605 1906 643 1970 In
677 1907 872 1971 universum
905 1908 969 1972 hoc
1002 1911 1043 1974 de
1077 1911 1176 1995 Lysia
1206 1913 1330 1978 iudicat

149 2014 306 2095 (Phaedr.
331 2035 362 2096 p.
388 2013 453 2077 228
477 2010 539 2095 A):
563 2011 764 2084 δυνατώτατος
787 2011 827 2075 ὢν
850 2025 905 2077 τῶν
926 2025 974 2078 νυν
989 2021 1118 2102 γράφειν,
1149 2020 1185 2083 In
1203 2019 1329 2102 λεκτικῷ

148 2125 227 2204 τόπῳ
252 2120 371 2203 Lysiae
396 2119 515 2183 electio
540 2120 718 2183 verborum
749 2121 904 2186 laudatur
928 2146 960 2208 p.
980 2127 1044 2189 234
1068 2125 1093 2189 C
1117 2146 1184 2208 sq.:
1217 2123 1326 2208 Φαιδρ.

147 2225 183 2292 Τί
205 2250 252 2291 σοι
275 2230 413 2314 φαίνεται,
437 2223 461 2287 ὦ
484 2222 658 2309 Σώκρατες,
694 2223 837 2307 δλόγος;
869 2226 942 2316 οὐχ
976 2226 1180 2318 ὑπερφυῶς
1212 2237 1254 2295 τὰ
1289 2255 1326 2295 τε

147 2336 248 2399 άλλα
277 2336 345 2397 καὶ
374 2341 454 2404 τοῖς
487 2329 678 2418 ὀνόμασιν
712 2330 1015 2422 εἷρησδαι;....
1038 2334 1134 2419 Σωκρ.
1158 2340 1210 2399 καὶ
1233 2340 1323 2420 ταότη

144 2444 188 2506 δεῖ
210 2439 257 2506 ὑπ’
276 2440 348 2528 ἐμοῦ
363 2464 393 2504 τε
409 2443 460 2503 καὶ
476 2450 528 2502 σου
544 2443 592 2502 τόν
608 2440 696 2521 λόγον
712 2438 912 2529 ἐπαινεθῆναι,
937 2440 979 2514 ὡς
1001 2447 1037 2506 τά
1052 2443 1155 2504 δέοντα
1170 2438 1322 2527 εἰρηκότος

143 2559 193 2613 τοῦ
215 2558 355 2637 ποιητοῦ,
389 2546 457 2611 ἀλλ’
483 2543 537 2609 οὐκ
560 2543 657 2631 ἐκείνη
682 2545 778 2633 μόνον,
809 2546 852 2611 ὅτι
882 2559 985 2635 σαρη
1015 2552 1067 2613 καὶ
1097 2549 1322 2633 στρογγυλα

142 2661 195 2721 καὶ
217 2656 391 2742 ἀκριβῶς
414 2653 562 2718 ἕκαστα
585 2665 653 2718 τῶν
676 2652 880 2740 ὀνομάτων
903 2655 1253 2742 άποτετόρνευται;

229 2804 268 2866 In
301 2810 495 2885 πραγματικῷ
531 2796 609 2882 τόπῳ
641 2799 816 2865 Phaedrus
847 2802 965 2885 Lysiae
996 2797 1147 2886 elipeum
1182 2804 1320 2868 summis

143 2911 297 2974 laudibus
331 2908 475 2973 comulat
506 2930 537 2991 p.
556 2910 620 2973 235
644 2906 687 2971 B:
719 2918 789 2969 των
821 2904 983 2972 ἐνόντων
1007 2905 1124 2981 ἀξίων
1147 2907 1320 2997 ῥηθῆναι

140 3012 176 3078 ἐν
199 3026 246 3098 τῷ
269 3015 466 3100 πράγματι
489 3010 598 3077 οὐδὲν
614 3016 959 3098 παραλελοιπεν,*)
976 3013 1050 3079 ὥστε
1066 3022 1147 3101 παρὰ
1164 3021 1201 3081 τὰ
1217 3016 1318 3103 ἐκείνῳ

139 3117 278 3208 εἰρημένα
307 3123 408 3209 μηδέν’
440 3121 475 3185 ἄν
507 3142 576 3185 ποτε
608 3119 753 3184 δύνασθαι
776 3117 864 3185 εἰπεῖν
887 3121 967 3186 ἄλλα
989 3121 1079 3187 πλείω
1111 3128 1163 3188 καὶ
1185 3123 1319 3198 πλείονος

139 3227 216 3300 άξια.
263 3229 487 3294 Vehementer
520 3231 634 3293 autem
664 3231 853 3310 exagitatur
885 3252 905 3295 a
938 3232 1075 3298 Socrate
1107 3229 1317 3320 οἰκονομία

142 3358 172 3420 p.
193 3334 317 3400 colu:
350 3332 385 3397 Tr
408 3334 440 3397 δὲ
464 3332 578 3412 τᾶλλα;
602 3331 643 3397 ον’)
667 3334 791 3421 χάδην
814 3335 929 3399 δοκεῖ
951 3338 1176 3425 βεβλῆσθαι
1199 3345 1244 3405 τὰ
1267 3351 1316 3405 τοῦ

137 3443 271 3523 λόγους
294 3438 314 3527 ἢ
337 3445 469 3529 φαίνεται
493 3444 525 3504 τδ
548 3438 680 3526 δεύτερον
704 3437 856 3528 εἰρημένον
879 3442 915 3507 ἔκ
939 3466 1014 3517 τινος
1031 3444 1166 3533 ἀνάγκης
1180 3447 1314 3532 δεότερον

138 3549 176 3636 δὴ
202 3551 335 3636 τεθῆναι,
358 3548 378 3636 ἥ
401 3571 427 3611 τι
449 3548 526 3613 ἄλλο
550 3559 605 3611 των
628 3545 796 3636 paphensem
821 3550 884 3613 κτλ.

229 3677 274 3741 lle
298 3675 468 3739 Timaeo
499 3696 528 3739 ν.
561 3674 636 3739 Car.
668 3674 785 3739 Mdller
813 3676 989 3757 fragment.
1016 3677 1131 3748 histor.
1166 3683 1314 3761 graec.l

136 3805 166 3866 p.
184 3783 293 3849 XLIX.
325 3782 501 3846 Timaeum
514 3781 788 3847 Tauromenitam
806 3784 848 3847 de
856 3783 954 3867 Lysia
968 3785 1158 3869 disputasse
1171 3789 1314 3853 testatur

133 3890 286 3955 Cicero
311 3907 445 3969 quoque
470 3887 562 3951 Brut.
590 3890 710 3960 16,63;
735 3889 881 3969 ‚Catonis
907 3893 1019 3957 autem
1051 3895 1219 3959 orationes
1244 3916 1312 3960 non

133 3998 243 4062 minus
267 3996 392 4060 multae
416 3996 487 4059 fere
517 3997 596 4059 sunt
626 4014 728 4077 quam
751 3995 852 4060 Attici
882 3996 1011 4081 Lysiae,
1045 4000 1137 4065 cuius
1170 4003 1313 4068 arbitror

221 4191 246 4255 *)
263 4207 299 4236 =
317 4189 428 4258 Dionys.
454 4189 487 4243 dc
505 4191 569 4258 Lys
590 4190 623 4242 15
642 4208 668 4258 p.
687 4190 739 4243 486
758 4192 797 4245 R:
825 4193 949 4263 εὑρετινός
974 4196 1023 4248 ἔστι
1048 4204 1096 4250 τῶν
1121 4200 1145 4251 ὲν
1168 4206 1220 4263 τοῖς
1245 4201 1312 4270 πρά-

129 4295 218 4344 γμασιν
238 4278 337 4329 ἐνόντων
355 4276 437 4347 λόγων
457 4276 471 4328 δ
491 4276 556 4346 ἀνὴρ
575 4275 604 4328 oh
624 4277 696 4343 μόνον
714 4271 748 4329 ὧν
771 4279 878 4342 ἅπαντες
903 4282 1016 4354 εὕροιμεν
1033 4284 1107 4357 <ἄν>,
1127 4285 1196 4342 ἀλλὰ
1216 4293 1257 4343 καὶ
1276 4284 1310 4343 ὧν

129 4363 232 4432 μηθείς.
258 4362 396 4433 οὐδὲνγὰρ
415 4362 504 4424 ἁπλῶς
524 4361 619 4424 Λυσίας
638 4362 786 4433 παραλείπει
803 4372 852 4420 τῶν
870 4369 996 4441 στοιχείων
1014 4373 1067 4429 κτλ.
