3100 4809
636 205 877 269 -108-

169 398 242 446 esse
275 382 462 465 appellatos
495 382 640 445 ostendit
670 382 826 463 Bmuska,
859 383 915 464 qui
946 405 977 465 p.
998 385 1038 447 56
1064 403 1135 466 sqq.
1161 384 1202 447 de
1228 403 1344 447 eorum

168 488 284 552 studiis
320 489 469 571 disputet
504 492 536 552 et
571 489 707 553 nomina
752 489 1043 568 grammaticorum
1080 491 1187 557 affert.
1233 489 1344 567 Quare

168 615 210 659 ne
234 597 309 660 neta
335 616 434 676 agere
458 595 581 675 videar,
605 596 694 659 hune
718 596 947 678 quaestionem
974 596 1076 663 mino.

187 723 189 726 ’
257 703 485 766 Transeamus
518 703 559 765 nd
592 704 737 781 tertium,
770 723 870 785 quem
906 703 1084 785 Dionysius
1118 705 1251 767 nomine
1276 724 1343 768 non

168 809 268 891 digna
285 810 427 873 edidisse
444 809 530 887 dicit,
555 809 817 873 Demetrium
836 809 1079 889 Magnetem
1099 813 1154 875 el
1174 833 1205 893 p.
1221 812 1343 875 netu:

174 916 272 979 Ἀλλὰ
296 912 501 1001 Δήμ<ήτρι>ος
525 913 541 977 ό
565 912 700 1000 Μάγνης,
732 915 766 986 te
788 914 869 986 ἔδοξε
892 916 1030 994 γενέσθαι
1053 912 1227 999 πολοΐστωρἶ
1256 914 1285 978 έν
1308 927 1344 999 τή

169 1025 234 1106 περὶ
257 1032 312 1084 τῶν
343 1019 504 1107 όμωνόμων
536 1018 721 1106 πραγματειόγ
751 1023 845 1102 λέγων
879 1024 931 1083 καὶ
953 1024 1018 1104 περὶ
1039 1021 1142 1086 τοότου
1166 1032 1216 1086 του
1240 1020 1348 1108 ἀνδρὸς

167 1131 219 1192 καὶ
241 1124 386 1215 όπόλίγψιν
410 1132 583 1213 παρασχών,
610 1125 650 1199 ὡς
673 1131 738 1211 περὶ
761 1124 849 1190 αθτοο
873 1128 964 1199 λέξων
989 1150 1014 1189 τι
1031 1126 1160 1213 ἀκριβές,
1186 1127 1345 1215 διεψεύσθη

167 1246 219 1321 τῆς
242 1234 337 1322 δόξης.
361 1232 450 1298 οόθέν
473 1234 505 1295 δέ
528 1235 637 1297 June.
660 1238 787 1306 καὶτὰς
817 1235 908 1306 λέξεις
932 1237 1128 1318 παραθέσθαι
1157 1247 1208 1301 τοῦ
1232 1236 1345 1320 ἀνδρός.

170 1340 230 1404 ἔστι
253 1342 285 1404 δέ
308 1338 414 1418 παθόντ’
441 1337 528 1404 αὐτοῦ
551 1343 697 1428 γραμέντα
720 1341 805 1403 τάδε’

256 1445 470 1534 Δεινάρχοις
482 1448 507 1509 δ’
520 1445 691 1533 ένετόχομεν
704 1453 865 1531 τέτταρσιν
879 1446 918 1510 ὦν
929 1446 1001 1511 ἐστιν
1014 1446 1029 1512 ό
1043 1453 1094 1535 μὲν
1107 1446 1142 1512 έκ
1153 1448 1345 1536 τωνρητόρων

170 1567 224 1617 των
249 1556 400 1630 Ἀττικῶν,
426 1553 441 1617 ό
465 1555 497 1617 δέ
521 1560 574 1627 τὰς
596 1557 660 1638 περὶ
684 1552 807 1640 Κρήιήν
838 1553 1005 1641 συναγήοχε
1035 1557 1227 1641 μυθολογίας.
1274 1553 1290 1620 ό
1314 1557 1346 1618 δὲ

167 1660 359 1747 πρεσβύτερος
389 1667 441 1747 μέν
476 1661 583 1749 όιμιροῖν
607 1664 725 1742 τοότοιν,
761 1660 871 1748 Δήλιος
894 1662 926 1724 δὲ
949 1666 981 1725 τό
1004 1668 1097 1743 γένος,
1121 1685 1345 1747 πεπραγματευ-

168 1766 255 1856 μένος
277 1779 360 1834 τουτο
384 1773 436 1853 μὲν
459 1768 538 1840 ἐ’πος,
561 1778 643 1831 τοῦτο
668 1768 700 1830 δέ
723 1780 853 1854 πρᾶγμα.
894 1774 1030 1853 τέταρτος
1050 1771 1082 1832 δέ
1099 1767 1115 1833 δ
1131 1774 1195 1853 περὶ
1208 1768 1345 1856 ΙὉμήρου

168 1874 254 1957 λόγον
284 1879 486 1947 συντεθεικώς.
533 1872 631 1938 ἐθέλω
662 1875 693 1937 δέ
724 1877 799 1958 πρὸς
829 1880 917 1961 μέρος
951 1879 1016 1959 περὶ
1046 1873 1172 1938 ἑκάστου
1201 1876 1343 1939 διελθεῖν·

167 1987 219 2047 καὶ
241 1995 355 2068 πρῶτον
378 1987 430 2068 μέν
454 1986 519 2066 περὶ
542 1992 606 2045 τοο
629 1979 809 2068 ῥήτορος.
835 1980 894 2044 ἐστι
916 1986 1007 2045 τοίνυν
1031 1979 1116 2054 οὗτος
1138 1988 1216 2046 κατά
1238 2007 1270 2064 γε
1294 1987 1345 2068 τήν

169 2089 243 2177 ἐμήν
273 2089 360 2162 δόξαν
388 2086 470 2153 οὐδέν
505 2086 669 2152 ἀπολείπων
699 2100 753 2175 τής
782 2087 949 2172 Ὑπερείδου
972 2095 1104 2175 χάριτος,
1135 2087 1203 2152 ὥστ’
1233 2087 1340 2153 εἰπεῖν·

169 2202 231 2280 ,καὶ
253 2201 285 2261 νό
308 2219 359 2260 κεν
390 2194 409 2281 ἢ
444 2198 629 2279 παρέλασενέ,
679 2194 837 2281 ένθόμήμα
872 2200 929 2279 γὰρ
964 2200 1045 2282 φέρει
1078 2195 1259 2274 π<ε>ιστικόν
1292 2201 1344 2260 καὶ

167 2315 275 2390 σχήμα
296 2300 495 2366 παντοδαπόν
521 2306 719 2388 πιθανότητός
741 2325 773 2383 γε
804 2307 862 2387 μήν
893 2300 986 2375 οότως
1017 2301 1049 2367 εδ
1070 2302 1138 2389 ήκει
1161 2294 1241 2366 ὥστέ
1258 2324 1344 2387 παρι-

167 2414 277 2473 στάνειν
310 2420 369 2483 τοῖς
400 2409 539 2473 ἀκοόουσι
570 2413 611 2494 μή
639 2409 740 2482 ἄλλως
770 2415 915 2490 γεγονέναι
938 2413 971 2471 τὸ
1000 2421 1124 2493 πρᾶγμα
1147 2408 1166 2494 ἢ
1191 2407 1232 2483 ὡς
1255 2407 1344 2483 αότὸς

167 2516 253 2598 λέγει.
278 2522 330 2582 καὶ
352 2514 493 2602 νομίσειεν
517 2516 552 2579 ἄν
574 2539 616 2588 τις
640 2513 760 2599 εὐήθεις
784 2514 855 2579 εἶναι
878 2518 945 2588 τοὺς
968 2513 1171 2598 όπολαβόντας
1192 2518 1344 2598 τὸνλόγον

167 2628 215 2687 τόν
244 2629 323 2688 κατὰ
345 2623 558 2710 Δημοσθένους
589 2620 659 2685 εἶναι
692 2626 801 2685 τουτου.
848 2624 922 2686 πολὺ
954 2628 1010 2707 γὰρ
1043 2623 1148 2708 ἀπέχει
1171 2635 1220 2688 τοῦ
1244 2648 1343 2709 χαρα-

55 2803 76 2820 Ὗ
168 2742 294 2818 κτῆρος·
320 2731 388 2794 ἀλλ’
420 2730 502 2816 ὅμως
537 2741 671 2793 τοσοῦτον
703 2728 811 2802 σκότος
845 2729 1067 2813 ἐπιπεπόλακεν,
1098 2729 1173 2794 ὥστε
1201 2735 1269 2804 τοὺς
1292 2737 1343 2817 μέν

166 2837 278 2909 ἄλλους
309 2836 398 2901 αδτου
429 2841 535 2919 λόγους
566 2835 670 2923 σχεδόν
701 2860 757 2901 που
781 2835 852 2929 όπέρ
876 2836 1027 2964 ἑξήκοντα
1043 2860 1095 2930 και
1118 2836 1242 2901 ἑκατόν
1258 2838 1343 2912 ὄντας

167 2943 276 3026 ἀγνοεῖν
306 2948 490 3031 συμβέβηκε
523 2949 570 3007 τόν
601 2946 705 3007 δέν
664 2949 705 3030 μή
735 2949 883 3030 γραφέντα
917 2942 963 3008 όπ
997 2942 1086 3007 αότοο
1118 2943 1206 3031 μόνον
1230 2943 1342 3008 ἐκείνου

164 3048 342 3137 νομιζεοθαι.
373 3051 432 3138 ήι
426 3054 457 3114 δέ
487 3051 603 3125 λέξις
594 3055 653 3114 εστὶ
683 3075 733 3115 που
756 3050 918 3136 Δεινάργου
942 3048 1052 3133 κυρίως
1054 3051 1084 3136 ²¹²)
1109 3049 1215 3138 ἠθική
1240 3053 1342 3124 πάθος

164 3181 286 3223 κινουσα
315 3160 421 3246 σχεδον
451 3170 487 3244 τῇ
517 3164 618 3243 πικρία
649 3181 745 3243 μονον,
777 3181 830 3222 και
861 3170 900 3241 τῷ
931 3164 1003 3241 τονιρ
1034 3168 1084 3221 που
1118 3157 1343 3244 Δημοσθενικοῦ

165 3277 361 3354 χαρακτῆρος
383 3269 520 3352 λειπομέν
522 3290 550 3353 ιγ.
583 3268 688 3329 τουδέ
718 3269 846 3329 πιθανοο
869 3262 921 3328 καὶ
943 3270 1045 3348 κυρίου
1069 3266 1205 3351 μιγδέν
1184 3263 1343 3331 ἐνδέουσα.

167 3375 266 3463 Addit
301 3376 496 3459 Dionysius:
529 3373 566 3435 Γ
568 3394 588 3435 κ
623 3370 730 3436 τοότων
764 3370 880 3436 ουδέν
916 3369 1051 3435 ἐστιν
1019 3393 1085 3434 ουτε
1109 3371 1294 3455 ακριβέας,
1274 3371 1341 3435 λλ

166 3477 285 3564 otuu)
309 3480 426 3568 ἀληθές
448 3477 551 3565 εόρεῖν.

257 3590 330 3668 Quo
344 3591 417 3654 iure
427 3591 605 3672 Dionysius
623 3590 708 3652 haee
719 3589 865 3669 Magneti
878 3589 1123 3672 upprebaverit,
1138 3590 1170 3651 in
1183 3609 1344 3671 praesens

166 3699 245 3761 mihi
262 3718 329 3761 non
347 3699 398 3761 est
414 3699 547 3780 tempus
566 3716 745 3779 quaerere3
765 3696 845 3759 iilud
862 3699 974 3759 nutem
991 3705 1123 3774 monesi,
1140 3694 1343 3759 Demetrium

166 3791 199 3869 in
224 3825 346 3885 magna
371 3805 569 3887 scriptorum
594 3824 678 3886 ques
703 3804 775 3866 iibri
799 3806 864 3884 περὶ
887 3799 1048 3886 όμωνόμων
1077 3809 1215 3887 ιποιήτων
1238 3825 1267 3863 τε
1292 3804 1344 3864 καὶ

261 4001 286 4065 *)
304 4001 393 4053 locum
421 4001 459 4053 ita
486 4001 629 4068 legendum
658 4004 738 4068 puto:
766 3999 786 4070 ή
810 3997 837 4050 δὲ
862 3998 927 4059 λέξις
950 3998 1000 4050 ὲοτὶ
1017 4006 1061 4049 τοῦ
1081 3997 1215 4067 Δεινάρχου
1241 3997 1344 4067 κυρία,

167 4086 259 4158 ἠθική,
279 4089 361 4150 πόθος
380 4097 488 4156 κινοῦσα,
513 4088 601 4158 σχεδὸν
619 4095 651 4157 τῇ
672 4087 755 4157 πικρίᾳ
774 4089 846 4156 μόνον
869 4087 912 4139 καὶ
937 4094 971 4156 τῷ
996 4088 1057 4157 τόνῳ
1082 4096 1126 4140 που
1153 4086 1345 4155 Δημοσθενικοῦ
1386 4109 1391 4112 ·

168 4183 333 4245 χαρακτῆρος
352 4175 484 4246 λειπομένη
510 4177 563 4229 κτλ,
601 4179 631 4230 ln
651 4177 777 4230 extremis
797 4177 1043 4245 interpunnionem
1061 4176 1186 4230 Reiskius
1207 4193 1267 4229 mea
1287 4176 1344 4244 qui-

168 4263 233 4316 dem
252 4264 385 4316 sementia
404 4280 459 4317 non
478 4270 548 4318 recte
569 4266 668 4334 posuit.
706 4266 773 4318 Sunt
800 4266 944 4319 coniuncta
963 4264 1047 4337 πικρόν
1074 4273 1100 4319 et
1118 4266 1197 4333 τόνος,
1222 4282 1278 4319 non
1297 4284 1344 4336 ορ·

168 4350 267 4420 posita,
287 4350 322 4403 ei.
341 4368 367 4419 p.
387 4352 438 4404 786
457 4352 490 4405 R.
