3100 4809
643 192 857 264 ..94-

250 380 380 460 Restat,
405 381 443 444 ut
466 378 691 444 Ciceronis
716 397 849 460 quoque
874 378 915 442 de
938 378 1086 442 Isocrate
1102 376 1223 442 iudicia
1245 397 1339 441 sum·

162 488 521 552 matimrecenseamus
533 485 576 567 (v.
587 484 677 549 Blals
690 483 901 550 Att.Bereds.
914 485 1005 566 llp.).
1024 485 1116 552 Orat.
1135 486 1184 564 1⁴2,
1196 486 1235 549 41
1247 506 1337 569 sqq.:

161 597 288 678 ,ltaque
313 597 349 658 ut
373 614 435 674 ego
459 611 563 675 quum
594 613 614 655 a
646 593 760 655 nostro
791 591 918 655 Catone
944 591 1116 673 laudabar,
1149 591 1201 655 vel
1224 612 1334 674 repre·

161 701 260 765 hendi
284 721 336 765 me
361 721 381 764 a
405 699 522 764 ceteris
546 697 641 763 facile
657 699 819 781 patiebar,
845 698 892 761 sic
908 699 1073 762 Isocrates
1090 699 1226 762 videtur
1250 698 1339 766 testi·

161 809 272 872 monio
296 807 446 871 Platonis
465 804 604 870 aliorum
622 804 740 868 iudicia
757 803 879 869 debere
898 807 1124 872 contemnere.
1158 806 1217 869 Est
1234 806 1336 874 enim¹

162 915 198 977 ut
228 914 303 980 scis.
334 913 429 996 quasi
462 913 495 975 in
528 913 677 976 extrema
710 912 831 993 pagina
855 910 1002 975 Phaedri
1033 910 1085 975 his
1116 905 1196 994 ipsi's
1225 912 1337 975 verbis

161 1019 301 1103 loquens
322 1021 477 1084 Socrates
497 1019 595 1100 (Plat.
617 1017 755 1082 Phaedo
770 1018 936 1100 para)...
953 1019 1044 1083 Haec
1062 1019 1103 1082 de
1125 1019 1338 1083 adolescente

162 1129 316 1192 Socrates
341 1129 534 1208 auguratur.
566 1126 609 1189 Ar
631 1146 670 1190 ea
698 1127 738 1189 de
766 1125 895 1189 seniore
921 1126 1033 1189 scribit
1051 1125 1147 1189 Plato
1175 1128 1207 1189 et
1226 1126 1340 1190 scribit

132 1276 137 1286 ·
161 1235 308 1318 aequalis
330 1236 363 1298 et
383 1234 515 1317 quidem
538 1233 721 1313 exagitator
742 1233 891 1296 omnium
907 1233 1077 1296 rhetorum
1098 1234 1188 1296 hunc
1202 1234 1340 1296 miratur

162 1362 265 1407 unum
283 1339 328 1423 (v.
341 1340 434 1405 Dion.
454 1362 487 1423 p.
507 1341 594 1420 558).
618 1340 671 1403 Me
689 1342 812 1416 autem,
831 1340 886 1421 qui
906 1340 1086 1404 Isocratem
1108 1360 1175 1403 non
1201 1341 1341 1419 diligunt

162 1470 229 1514 una
247 1468 320 1513 cum
339 1449 476 1512 Socrate
493 1449 525 1511 et
542 1466 616 1510 cum
633 1446 775 1510 Platone
793 1463 905 1510 errare
922 1447 1099 1529 patiantur.
1125 1446 1226 1511 Dulce
1242 1447 1340 1528 igitur

161 1555 320 1619 orationis
360 1574 466 1635 genus
500 1555 533 1617 et
571 1553 715 1616 solutum
748 1554 781 1616 et
810 1553 929 1630 fluens,
963 1554 1139 1617 sententiis
1171 1556 1338 1634 argutum,

161 1661 270 1725 verbis
305 1681 431 1725 sonans
472 1662 522 1724 est
554 1660 588 1723 in
618 1660 673 1723 illo
706 1659 879 1742 epidictico
910 1680 1044 1740 genere,
1077 1661 1166 1742 quod
1196 1661 1337 1724 diximus

159 1768 330 1851 proprium
356 1766 600 1850 sophistarum,
632 1786 774 1849 pompae
806 1786 905 1848 quam
930 1787 1065 1849 pugnae
1098 1768 1219 1850 aptius,
1245 1787 1339 1850 gym-

160 1874 260 1938 nasiis
294 1876 324 1938 et
357 1874 545 1957 palaestrae
584 1871 780 1952 dicatum*),
815 1875 964 1955 spretum
1001 1876 1034 1937 et
1068 1874 1202 1956 pulsum
1240 1874 1333 1939 foro‘

160 2001 206 2045 or.
244 1982 363 2059 52,174
398 2001 490 2063 sqq.:
536 1980 601 2063 ,qui
640 1980 823 2043 Isocratem
859 1980 1001 2044 maxime
1045 1980 1229 2059 mirantur,
1275 1981 1338 2044 hoc

160 2088 193 2150 in
219 2087 289 2151 eius
314 2086 451 2150 summis
476 2085 630 2150 laudibus
655 2085 779 2154 ferunt.
804 2086 892 2167 quod
910 2087 1020 2150 verbis
1045 2087 1161 2151 solutis
1179 2079 1337 2152 numeros

160 2195 286 2278 primus
324 2193 520 2258 adiunxerit.
554 2242 595 2257 ..
648 2190 785 2272 Gorgias
814 2242 821 2253 .
851 2243 857 2256 .
918 2192 1191 2276 Thrasymachus
1220 2247 1226 2259 .
1258 2246 1264 2259 .
1294 2244 1301 2259 .
1330 2251 1338 2267 ,

160 2301 287 2364 Horum
312 2302 452 2382 uterque
478 2302 656 2364 Isocratem
682 2299 795 2363 aetate
819 2300 1017 2381 praecurrit,
1042 2302 1078 2363 ut
1108 2321 1164 2363 eos
1188 2301 1241 2363 ille
1266 2322 1338 2366 mo·

161 2405 345 2486 deratione,
363 2426 429 2470 non
447 2406 637 2471 inventione
655 2405 778 2474 vlcerlt.
804 2405 861 2469 Est
879 2406 977 2486 enim,
993 2407 1030 2470 ut
1045 2406 1078 2468 in
1097 2407 1339 2473 transferendis

161 2514 390 2596 faciendisque
404 2514 514 2577 verbis
528 2511 734 2595 tranquillior
747 2514 789 2593 (v.
803 2532 829 2577 s,
841 2534 872 2595 p.
884 2514 925 2577 88
939 2516 1038 2597 ,μέχρι
1054 2522 1102 2575 του
1114 2516 1157 2597 μὴ
1173 2513 1339 2599 λυπῇσαιί),

160 2622 207 2685 sic
247 2621 280 2685 in
312 2619 390 2702 ipsis
422 2620 568 2683 numeris
605 2619 761 2684 sedatior.
816 2619 954 2699 Gorgias
987 2622 1099 2683 autem
1131 2621 1257 2684 avidior
1288 2626 1339 2686 cst

160 2727 291 2808 generis
316 2726 387 2790 eius
412 2728 446 2791 et
468 2727 507 2790 iis
535 2725 772 2790 festivitatibus
800 2762 835 2772 -
863 2726 910 2789 sic
942 2728 1029 2790 enirn
1061 2727 1132 2809 ipse
1157 2731 1273 2792 censet
1299 2765 1335 2775 —

160 2833 357 2898 insolentius
390 2834 556 2908 abutitur,
590 2853 673 2914 quas
704 2832 870 2899 Isocrates
903 2854 1006 2915 quum
1039 2836 1152 2898 tamen
1189 2834 1341 2898 audisset

159 2942 198 3010 in,
224 2939 401 3005 Thessalia
439 2940 633 3005 adolescens
666 2959 782 3003 senem
820 2940 884 3003 iam
916 2936 1340 3022 Gorgiam,'moderatius

161 3045 297 3130 [etiam]
330 3048 536 3129 temperavit.
584 3045 670 3122 Quin
697 3046 795 3108 etiam
829 3067 864 3110 se
898 3047 968 3129 ipse
1000 3050 1143 3120 tantum,
1176 3049 1340 3129 quantum

160 3155 270 3218 aetate
296 3153 501 3235 procedebat
526 3188 564 3197 —
591 3172 694 3235 prope
720 3154 808 3216 enim
834 3155 967 3216 centum
994 3154 1136 3217 confecit
1161 3174 1270 3218 annos
1296 3190 1337 3198 -

159 3259 363 3323 relaxarata
388 3259 489 3323 nimia
513 3259 714 3323 necessitate
746 3279 975 3334 numerorum3
1009 3261 1098 3341 quod
1130 3261 1279 3325 declarat
1304 3261 1338 3322 in

160 3385 199 3430 eo
223 3365 318 3446 libro,
343 3385 443 3446 quem
469 3363 511 3428 ad
527 3363 718 3448 Philippum
737 3365 955 3429 Macedonem
973 3367 1115 3449 scripsit,
1141 3388 1245 3449 quum
1271 3369 1338 3430 iam

160 3470 339 3534 admodum
365 3472 454 3535 esset
478 3491 590 3547 senex,
624 3472 658 3534 in
692 3492 758 3553 quo
787 3472 863 3534 dicit
887 3493 961 3535 sese
986 3473 1096 3536 minus
1119 3474 1186 3537 iam
1211 3474 1338 3538 servire

160 3575 308 3639 numeris
332 3595 432 3658 quarn
458 3577 574 3641 solitus
599 3580 698 3641 esset.
745 3578 887 3641 Itanon
921 3579 1019 3641 modo
1043 3580 1244 3661 superiores
1278 3582 1339 3646 sed

159 3682 326 3746 etiam·se
358 3684 428 3765 ipse
453 3685 662 3747 correxerat‘
708 3683 792 3747 Cum
824 3686 978 3748 extremis
1012 3686 1218 3750 conferenda
1250 3707 1339 3769 quae

160 3788 295 3870 Dionys.
330 3788 371 3852 de
398 3789 495 3852 [socr.
532 3789 596 3851 iud.
623 3808 650 3851 c.
678 3790 716 3852 14
741 3810 773 3871 p.
794 3792 857 3854 564
882 3790 927 3853 R:
963 3787 1081 3869 Ὀλίγου
1105 3788 1185 3864 ἅπας
1209 3789 1224 3854 ὁ
1247 3794 1339 3873 λόγος

159 3889 215 3955 ὑπὸ
245 3903 300 3955 τῶν
331 3889 465 3956 τοιούτων
496 3888 573 3975 αὐτῷ
606 3891 803 3978 κεκόμψευται
833 3900 1003 3982 σχημάτων.
1050 3893 1076 3958 οἱ
1107 3903 1202 3983 μέντοι
1232 3909 1258 3979 γ’
1292 3896 1341 3960 ἐπὶ

248 4067 271 4132 ‘l
288 4068 479 4122 Pseudo-Plub
504 4068 550 4122 vir.
571 4069 594 4121 X
618 4087 657 4123 or.
683 4088 710 4139 p.
729 4070 796 4125 845:
820 4070 966 4136 (Φίλιππος)
993 4071 1077 4124 ἐκάλει
1103 4075 1162 4136 τοὺς
1187 4079 1232 4144 μὲν
1257 4075 1339 4130 αὐτοῦ

160 4154 364 4226 (Δημοσθένους)
382 4155 474 4226 λόγους
501 4155 595 4224 ὁμοίως
619 4158 645 4223 (l.
670 4156 786 4225 ὁμοίους)
810 4166 863 4221 τοῖς
888 4160 1049 4231 στρατιώταις
1075 4160 1117 4214 διὰ
1141 4164 1187 4233 τὴν
1211 4166 1342 4236 πομπικὴν

159 4241 268 4312 δύναμιν,
286 4241 378 4308 zabed
399 4241 555 4312 Ἰσοκράτους
567 4251 620 4305 τοῖς
633 4242 771 4314 ἀθληταῖς.
787 4248 820 4300 de
830 4256 940 4318 πομπικῇ
961 4247 1009 4302 δον.
1030 4250 1063 4302 cf.
1085 4251 1194 4321 llionys.
1209 4271 1235 4322 p.
1249 4253 1306 4308 434
1316 4254 1342 4308 R

159 4331 282 4397 πομπικὸς
300 4330 342 4381 καὶ
359 4327 446 4391 δεινός.
