3100 4809
640 227 856 292 ..72-

155 425 297 489 quorun]
321 408 504 490 praecepta
528 406 693 472 translata
726 408 833 481 erant,
859 407 1018 485 hauserit,
1054 429 1122 472 non
1153 409 1251 475 facile
1283 414 1333 475 est

157 514 199 578 ad
224 512 484 577 diiudicandum.
531 513 791 577 Aristotelis
818 514 918 593 Ιοτοε,
944 535 1019 579 curn
1044 516 1163 598 quihus
1193 518 1333 583 maxime

157 620 348 703 conspirare
374 619 505 684 videtur
529 620 715 703 Dionysius,
742 620 906 688 adiiciam.

245 726 380 791 Aristot:
407 726 492 791 rhet.
517 727 533 791 I
557 747 584 791 e.
609 730 628 791 2
652 748 684 810 p.
706 728 789 792 1355
814 728 894 792 1135
911 749 998 811 sqq.:
1022 725 1087 790 Των
1111 728 1143 790 δέ
1167 733 1333 792 πίστεων

157 827 187 894 αἱ
215 834 267 916 μὲν
290 830 451 917 ἄτεχνοί
474 829 552 911 εἰσιν,
583 828 613 895 αἱ
643 832 668 894 δ’
692 833 877 918 ἐ’ντεχνοι.
908 833 1020 920 ἄτεχνα
1049 834 1181 915 δὲλέγω
1211 832 1268 899 ὅσα
1291 840 1332 922 μη

156 938 192 1001 δι’
209 935 295 1025 ημῶν
318 943 490 1022 πεπόρισται
514 937 594 1003 ἀλλὰ
617 949 816 1025 προϋπῆρχεν,
846 936 905 1002 οἷον
940 946 1085 1026 μάρτυρες
1107 944 1235 1024 ,βάσανοι
1264 966 1335 1023 συγ-

158 1041 272 1133 γραιραὶ
294 1048 346 1108 καὶ
370 1042 426 1107 ὅσα
455 1054 590 1119 τοιαῦτα,
620 1045 740 1130 ἔντεχνα
763 1046 796 1107 δὲ
826 1043 882 1109 ὅσα
905 1047 953 1109 διὰ
983 1058 1035 1134 της
1067 1048 1199 1134 μεθόδου
1222 1044 1275 1113 καί
1298 1050 1333 1112 δι’

156 1150 240 1240 ἡμῶν
263 1153 547 1239 κατασκευασθῆναι
569 1152 699 1226 δυνατόν,
723 1149 797 1215 ὥστε
821 1152 865 1215 δεῖ
888 1156 994 1218 τουτων
1010 1165 1070 1227 τοῖς
1090 1159 1142 1240 μέν
1157 1158 1335 1242 χρησασθαι

156 1264 192 1324 τὰ
216 1260 249 1322 δέ
271 1255 372 1343 εὑρεῖν.

246 1377 302 1430 των
326 1365 358 1428 δέ
382 1365 429 1429 διὰ
452 1375 517 1430 τοῦ
541 1369 660 1448 λόγου
684 1371 880 1453 ποριζομένων
896 1365 1019 1433 πίστεων
1036 1367 1121 1453 τρία
1145 1368 1227 1457 εἴδη
1243 1368 1333 1435 ἐστίν·

160 1470 190 1538 αἱ
214 1477 266 1560 μέν
288 1478 345 1556 γάρ
369 1470 438 1536 εἰσιν
462 1470 491 1536 ἐν
510 1484 550 1556 τῷ
574 1473 663 1560 ἤθει
686 1484 735 1537 του
751 1475 897 1564 λέγοντος,
922 1471 953 1537 αἱ
969 1475 1001 1537 δὲ
1018 1473 1047 1538 ἐν
1063 1487 1103 1558 τῷ
1127 1479 1193 1539 τὸν
1217 1476 1333 1561 ἀκρο-

159 1584 252 1667 ατὴν
276 1579 560 1653 διαθεῖναίπως
576 1584 752 1663 (πάθος),
778 1578 808 1644 αἱ
831 1581 864 1643 δὲ
887 1579 917 1644 έν
941 1578 1020 1665 αὐτῷ
1043 1594 1083 1666 τῷ
1106 1583 1187 1667 λόγῳ
1210 1584 1259 1658 διὰ.
1283 1596 1333 1650 του

159 1688 302 1752 δεικνόναι
325 1685 344 1773 ἢ
369 1690 527 1775 φαίνεσθαι
550 1689 693 1753 δεικνόναι
716 1691 909 1773 (πρᾶγμα).

247 1794 384 1881 (ἦθος.)
406 1795 455 1864 διὰ
478 1800 530 1881 μὲν
553 1793 602 1859 oin
625 1806 675 1860 τοῦ
695 1795 802 1883 ἤθους,
827 1793 896 1859 όταν
912 1793 987 1859 otto
1003 1796 1105 1882 λεχθη
1122 1795 1138 1861 ό
1154 1799 1243 1879 λόγος
1259 1797 1333 1862 ὥστε

157 1902 381 1976 ἀξιόπιστον
403 1914 522 1990 ποιησαι
546 1906 594 1965 τὸν
617 1905 755 1984 λέγοντα·
788 1913 849 1975 τοῖς
872 1907 928 1986 γὰρ
953 1900 1141 1967 ἐπιεικέσι
1164 1908 1333 1991 πιστευομεν

156 2010 272 2096 μᾶλλον
304 2012 356 2072 καὶ
390 2012 509 2086 θᾶττον,
543 2013 607 2094 περὶ
630 2014 744 2074 πάντων
767 2015 821 2096 μέν
844 2009 956 2089 ἁπλῶς,
982 2009 1011 2073 έν
1035 2008 1078 2082 οἷς
1102 2011 1190 2075 δὲτὸ
1215 2010 1334 2097 ἀκριβὲς

156 2121 198 2203 μη
223 2113 299 2179 ἐστιν
322 2116 401 2181 ἀλλὰ
424 2120 456 2179 τὸ
480 2116 657 2204 ἀμφιδοξεῖν,
682 2121 734 2181 καί
757 2118 916 2189 παντελως.
955 2118 998 2180 δεῖ
1021 2118 1127 2181 δὲκαὶ
1150 2129 1234 2182 τουτο
1257 2141 1333 2204 συμ-

156 2224 259 2305 βαίνειν
283 2223 331 2287 διὰ
353 2233 402 2287 τοῦ
426 2226 532 2305 λόγου,
566 2222 646 2287 ἀλλὰ
677 2228 718 2310 μὴ
753 2225 801 2288 διὰ
833 2235 882 2287 που
905 2224 1141 2309 προδεδοξόισθαι
1164 2230 1247 2288 ποῖόν
1270 2247 1331 2289 τινα

156 2328 225 2394 εἶναι
260 2333 307 2393 τὸν
339 2331 479 2412 λέγοντα·
515 2328 549 2394 οὐ
583 2335 640 2415 γὰρ
676 2329 774 2416 ίυσπερ
806 2330 874 2394 ἔνιοι
909 2342 963 2393 τῶν
992 2331 1330 2416 τεχνολογοόντων

155 2440 287 2503 τιθέασιν
310 2436 339 2501 έν
362 2449 398 2522 τη
422 2443 512 2525 τέχνη
534 2442 586 2502 καὶ
608 2443 660 2525 τὴν
685 2437 837 2502 ἐπιείκειαν
861 2448 910 2501 rao
926 2440 1060 2517 λέγοντος
1088 2436 1129 2507 ὡς
1149 2433 1233 2499 οὐδὲν
1254 2459 1329 2521 συμ-

155 2545 339 2631 βαλλομένην
368 2548 443 2630 πρὸς
472 2549 504 2607 τὸ
536 2548 677 2627 πιθανόν,
709 2543 788 2609 αἰλλὰΙ
820 2545 927 2630 σχεδόν
957 2541 997 2615 ὡς
1029 2540 1115 2606 εἰπεῖν
1148 2549 1330 2630 κυριωτάτην

153 2652 225 2738 ἔχει·
239 2657 331 2716 πίστιν
354 2656 387 2716 τὸ
410 2651 498 2738 ἦθος.

243 2761 409 2841 (πάθος),
441 2760 567 2824 διὰδὲ
591 2770 646 2822 τῶν
670 2758 891 2844 ἀκροατῶν,
924 2758 1013 2823 όταν
1037 2754 1092 2829 είς
1115 2759 1244 2831 πόιθος
1266 2754 1330 2823 δπὸ

154 2877 218 2932 τοῦ
241 2866 364 2947 λόγου
386 2868 664 2953 προαχθῶσιν·
688 2872 722 2931 σι’)
745 2872 802 2951 γὰρ
827 2864 937 2952 ὁμοίως
960 2864 1135 2950 ἀποδίδομεν
1152 2869 1205 2938 τὰς
1221 2870 1332 2949 κρίσεις

153 2977 328 3060 λυπυόμενοι
359 2977 411 3039 καὶ
442 2972 595 3061 χαίροντες
625 2973 644 3061 ἢ
676 2978 826 3062 φιλοῦντες
854 2978 906 3037 καὶ
938 2983 1100 3058 μισοῦντες·
1130 2977 1206 3058 πρὸς
1234 2972 1250 3035 ὃ
1279 2976 1332 3036 καὶ

152 3087 239 3169 μόνον
262 3080 428 3168 πειρᾶσθαί
446 3105 542 3170 φαμεν
565 3080 828 3169 πραγματεύεσθαι
850 3086 918 3155 τοὺς
939 3093 987 3146 νυν
1010 3082 1330 3167 τεχνολογοῦντας.

241 3192 431 3276 (πρᾶγμα).
456 3189 503 3253 διὰ
527 3189 559 3252 δὲ
582 3199 632 3253 του
655 3188 745 3270 λόγου
767 3193 953 3262 πιστεόουσιν,
977 3186 1046 3252 όταν
1062 3185 1216 3275 ἀληθὲςῆ
1233 3193 1330 3276 φαινό·

153 3319 239 3383 μενον
261 3297 397 3384 (ἀληθὲς
415 3299 489 3366 add.
505 3298 648 3382 ὅρους.)
671 3295 808 3381 δείξωμεν
832 3294 867 3361 ἐκ
883 3307 937 3360 των
960 3300 1025 3380 περὶ
1048 3293 1163 3359 ἕκαστα
1186 3296 1329 3360 πιθανῶν.

244 3406 329 3472 Cum
364 3407 414 3471 his
448 3406 650 3470 eonferenda
675 3408 755 3471 sunt
788 3426 876 3488 quae
913 3405 978 3469 Cio.
1004 3405 1044 3468 de
1070 3424 1116 3468 or.
1140 3404 1170 3467 11
1195 3404 1329 3480 27,116

153 3516 207 3596 (=
232 3534 279 3580 or.
306 3515 360 3586 34,
380 3514 454 3592 121)
479 3534 563 3595 sqq.7
589 3513 697 3597 partit.
723 3534 770 3579 or.
789 3512 806 3594 θ
824 3515 865 3577 48
890 3512 1029 3593 aliisque
1049 3510 1129 3575 loeis
1149 3510 1327 3574 mariniani

152 3624 282 3705 partem
315 3642 355 3685 ex
389 3619 575 3685 Aristotelis
611 3619 811 3684 auctoritate
845 3620 994 3702 disputat
1029 3615 1178 3701 (ἔντεχνοί,
1213 3615 1330 3701 ἄτεχνοι

153 3731 275 3803 πίστεις;
306 3726 381 3814 ἤθη,
405 3727 501 3811 πάθη,
528 3727 710 3811 πράγματα).
747 3727 813 3790 Sed
842 3725 973 3806 singula
996 3724 1146 3807 pluribus
1172 3724 1329 3806 persequi

153 3835 240 3916 nolo,
262 3855 337 3900 euna
358 3855 401 3899 ne
417 3834 574 3918 Dionysio
591 3833 725 3915 quidem
741 3832 928 3897 doctrinam
945 3832 986 3895 de
1002 3831 1055 3894 his
1079 3830 1179 3895 rebus
1197 3831 1328 3896 tradere

152 3943 187 4007 in
211 3943 323 4008 animo
346 3941 456 4006 fuerit.

473 4051 504 4114 4.
528 4048 778 4129 Peroratio,
803 4045 1000 4128 ἐπίλογος.

241 4159 288 4222 De
312 4156 525 4241 peroratione
550 4155 617 4219 sive
642 4155 855 4220 conclusione
873 4154 1050 4239 Dionysius
1075 4153 1116 4216 de
1138 4151 1327 4242 Lysiaind.

154 4285 181 4329 o.
207 4265 247 4329 10
278 4286 308 4346 p.
335 4262 454 4327 ittssR
486 4262 570 4327 haee
593 4261 711 4325 refert:
746 4258 813 4323 Κάν
844 4271 905 4332 τοῖς
928 4257 1128 4339 ἐπιλόγοις
1160 4257 1192 4320 δὲ
1219 4260 1328 4343 τὸμὲν

152 4366 551 4453 ἀνακεφαλαιωτικὸν
574 4378 629 4430 των
653 4364 803 4453 ρηθέντων
818 4371 910 4452 μέρος
933 4368 1058 4453 μετρίως
1080 4387 1110 4429 τε
1134 4367 1185 4428 καὶ
1208 4369 1328 4450 χαριέν-
