3100 4809
652 137 783 252 ...ει
831 219 871 233 -

168 364 347 430 incisorum
378 364 462 431 finos
499 366 642 442 excedi13
680 366 794 448 utique
829 366 862 429 in
893 366 1006 430 incisis
1031 369 1099 432 est:
1135 370 1279 451 τέταρτον,
1304 361 1346 439 ὡς

168 469 370 557 Πρωταγόρας
380 477 417 536 τὰ
427 477 496 559 γὲνγ
512 483 568 535 των
583 469 734 557 ὀνομάτων
745 470 846 555 διῄρει,
864 470 973 555 ἄρρενα
989 475 1041 535 καῖ
1057 474 1158 560 θήλεα
1168 477 1220 537 καὶ
1235 477 1345 560 saeba·

167 579 211 641 δεῖ
231 583 288 663 γὰρ
311 577 482 642 ἀποδιδόναι
503 583 555 644 καῖ
578 589 668 644 ταῦτα
692 576 808 663 ὀρθῶς·
831 575 851 664 ἡ
875 579 901 640 δ’
919 577 1052 642 ἐλθοῦσα
1075 583 1127 642 καὶ
1150 580 1346 667 διαλεχθεῖσα

167 685 272 771 ᾤχετο,
304 692 432 773 πέμπτον
455 684 484 750 ἐν
508 699 547 771 τῷ
571 684 725 754 τὰπολλὰ
748 688 801 749 καὶ
824 683 910 768 ὀλίγα
932 689 985 749 καὶ
1006 683 1103 756 (τόδ)
1126 687 1155 750 ἓν
1178 685 1340 774 ὀνομάζειν·

166 789 193 856 οἱ
216 794 242 855 δ’
267 791 405 866 ἐλθόντες
428 790 546 857 ἔτοπτόν
569 816 616 880 με.
639 793 734 858 Adde
764 793 1016 862 Anaximen.
1048 797 1132 861 rhet.
1158 817 1185 861 c.
1211 800 1270 862 25:
1303 796 1346 859 δεῖ

166 900 198 962 δὲ
226 902 278 962 καὶ
306 903 357 986 τὴν
380 902 515 964 corbeon
544 911 600 963 τῖον
623 896 773 985 ὀνομάτων
804 904 876 985 μήτε
907 907 1129 988 συγκεχυμένην
1160 899 1234 987 μήτε
1255 898 1344 986 ὑπερ-

165 1009 256 1095 βατὴν
279 1003 368 1070 εἶναι·
391 1010 424 1070 τὸ
448 1010 578 1092 μὲνγὰρ
602 1011 820 1099 σογιιεχομὲνον
843 1007 951 1070 τοιόνδε
975 1005 1060 1085 ἐστίν,
1085 1006 1127 1082 ὡς
1150 1006 1218 1072 ὀταν
1242 1007 1343 1092 εἴπῃς·
1383 1069 1384 1072 ,
1459 1039 1462 1043 ’

165 1114 254 1178 δεινόν
289 1112 349 1178 ἐστι
379 1124 478 1179 τοῦτον
508 1124 606 1178 τοῦτον
628 1116 754 1177 τόπτειν·
782 1112 894 1201 ἄδηλον
916 1120 972 1198 γὰρ
995 1112 1032 1201 ἦν
1055 1113 1194 1199 ὁπότερος
1218 1114 1284 1201 [ἂν]
1308 1113 1344 1202 ἡν

165 1219 329 1285 ὀτόπτων·
362 1218 413 1285 ἐὰν
443 1221 475 1284 δὲ
505 1219 591 1306 εἴπῃς
619 1217 720 1295 οότως,
754 1220 844 1307 δῆλον
866 1217 1012 1307 ποιήσεις·
1043 1222 1132 1285 δεινόν
1162 1220 1222 1285 ἐστι
1244 1232 1343 1286 τοῦτον
1436 1275 1441 1282 ,

163 1325 220 1404 brt
244 1331 345 1392 τοότοο
368 1330 529 1392 mareotico
547 1385 553 1398 ,
572 1376 603 1395 ..
627 1331 659 1391 τό
683 1328 715 1390 δὲ
738 1325 892 1413 προσέχειν
914 1338 976 1401 τοῖς
992 1328 1128 1412 ἄρθροις,
1153 1327 1235 1403 ὅπως
1257 1328 1286 1392 ἐν
1302 1341 1342 1414 τῷ

164 1436 254 1500 δέοντι
286 1437 488 1523 προοιιόῖγται,
519 1432 567 1498 ἐπὶ
600 1435 688 1498 τῶνδε
722 1432 795 1519 δρα·
820 1431 950 1508 οὖτοςό
979 1435 1139 1519 ἄνθρωπος
1164 1446 1265 1506 τοῦτον
1295 1440 1344 1500 τὸν

165 1542 325 1627 ἄνθρωπον
355 1541 458 1607 ἀδικεῖ.
511 1543 593 1609 Cum
618 1543 813 1608 Aristoteles
837 1539 1014 1629 ἑλληνισμοῡ
1038 1545 1229 1609 tractationi
1252 1546 1343 1609 subi-

166 1655 256 1717 ceret
272 1652 327 1716 illa
350 1652 540 1735 praecepta,
564 1650 845 1715 Anaximenes-
866 1651 893 1712 si
911 1654 962 1714 est
986 1650 1203 1716 Anaximenis
1228 1673 1282 1716 ars
1302 1689 1340 1699 -

165 1758 395 1841 compositioni
418 1758 540 1824 tribuit.
588 1757 726 1821 Planius
751 1757 851 1822 etiam
875 1756 1026 1821 Cicero
1051 1757 1091 1822 de
1115 1759 1227 1841 partit.
1258 1748 1341 1825 orat.

164 1865 182 1947 ὃ
210 1866 248 1930 18
280 1865 324 1941 ‚C.
349 1865 383 1958 F.
409 1864 527 1930 Habeo
552 1866 593 1930 de
619 1864 822 1948 simplicibus
846 1865 967 1945 verbis,
998 1884 1089 1929 nunc
1119 1866 1159 1929 de
1183 1866 1342 1931 coniunc-

164 1972 286 2052 tione*)
318 1991 455 2054 quaero.
502 1973 538 2038 C.
562 1972 599 2040 P.
622 1971 756 2037 Numeri
782 1972 916 2053 quidam
948 1972 1083 2036 suntin
1108 1972 1342 2037 coniunctione

164 2079 319 2143 servandi
337 2082 391 2160 (z
409 2079 527 2144 modus
545 2081 578 2144 et
594 2079 700 2144 forma
719 2079 760 2143 de
777 2099 824 2143 or.
840 2080 886 2143 lll
903 2078 921 2161 ἓ
937 2080 1012 2158 171)
1026 2081 1339 2161 consecutioque...

163 2185 408 2251 Consecutio
425 2188 549 2265 autem,
574 2205 617 2249 ne
635 2185 827 2268 generibus,
852 2185 1010 2258 numeris,
1027 2187 1245 2269 temporibus,
1267 2207 1340 2270 per·

163 2294 265 2377 sonis,
283 2294 415 2358 casibus
431 2294 648 2376 perturbetur
664 2294 781 2357 oratic.
810 2291 895 2356 Nam
912 2294 949 2356 ut
965 2292 998 2355 in
1012 2292 1216 2375 simplicibus
1229 2292 1339 2358 verbis

163 2402 253 2485 quod
277 2422 343 2465 non
369 2402 419 2466 est
434 2401 586 2483 latinum,
611 2401 707 2464 sicin
733 2399 919 2464 coniunctis
936 2400 1027 2481 quod
1050 2420 1119 2463 non
1144 2402 1195 2465 est
1220 2419 1337 2464 conse·

163 2528 271 2592 quens
295 2508 553 2592 vituperandum
577 2509 650 2576 est‘
682 2508 771 2574 Licet
796 2506 847 2569 his
865 2526 1000 2588 quoque
1025 2507 1150 2571 addere
1167 2507 1256 2589 quod
1279 2506 1338 2570 toti

163 2617 271 2680 libello
302 2616 428 2681 addidit
450 2615 584 2680 Cicero:
614 2614 799 2697 ‚Expositae
831 2613 888 2677 tibi
922 2633 1040 2677 omnes
1071 2615 1150 2678 sunt
1173 2613 1338 2677 oratoriae

162 2724 370 2806 partitiones
402 2740 490 2803 quae
522 2721 657 2803 quidem
690 2743 707 2784 e
738 2720 850 2785 media
881 2720 936 2784 illa
961 2723 1077 2785 nostra
1108 2720 1338 2785 Academia

162 2829 399 2896 effloruerunt.
439 2828 598 2892 Videmus
623 2827 894 2891 consecutionem
923 2829 1102 2891 verborum
1126 2827 1213 2891 idem
1237 2826 1337 2907 signi·

161 2937 262 3000 ficare
287 2937 376 3019 quod
392 2935 539 3019 Dionysii
555 2937 716 3018 κομμάτων
731 2937 937 3020 σχηματισμόν
961 2936 995 2998 et
1012 2954 1086 2999 esse
1103 2938 1235 3016 partem
1259 2951 1338 2996 con·

162 3043 339 3107 iunctionis
350 3043 529 3107 verborum
539 3042 742 3124 (συνδέσεως).
762 3042 802 3106 cf.
814 3059 901 3122 quae
909 3041 1030 3105 Cornis.
1041 3040 1124 3105 rhet.
1137 3039 1334 3106 adHerenn.

160 3150 204 3214 lV
230 3152 280 3227 12,
296 3151 335 3215 17
360 3150 401 3214 de
426 3136 611 3230 elegantiae
634 3147 739 3213 altera
763 3151 872 3231 parte,
898 3148 939 3212 de
965 3147 1138 3229 latinitate,
1163 3146 1334 3229 praecipit.

250 3257 284 3337 b)
307 3257 413 3319 κώλων
437 3258 654 3340 σχηματισμός.
694 3254 812 3320 Verbis
836 3250 1335 3339 (decomp.p.102)daoparao'·

158 3341 256 3447 μενοι,
278 3359 447 3447 εὐχόμενοι,
480 3358 690 3438 ἐπιτάττοντες,
721 3356 927 3446 ὑποτιθέμενοι
956 3360 1053 3424 facile
1089 3356 1234 3441 ἐγκλίσεις
1263 3359 1334 3425 illas

158 3470 287 3550 (modos
322 3467 484 3549 dicimus),
517 3489 604 3551 quae
635 3468 756 3532 indea
787 3466 973 3548 Protagora
1005 3467 1165 3547 originem
1200 3466 1334 3530 duxisse

159 3578 339 3658 putantur,
375 3575 514 3640 indicari
545 3577 662 3657 puteS‚
703 3574 762 3638 sed
793 3594 869 3637 cum
908 3574 976 3638 iam
1007 3592 1109 3656 supra
1141 3574 1183 3636 de
1221 3571 1333 3635 incisis

157 3683 339 3747 formandis
382 3683 558 3765 disputans
601 3681 812 3765 praeceperit
853 3681 894 3745 de
930 3677 1109 3760 ἐγκλίσεσιν,
1152 3680 1205 3743 hic
1252 3677 1333 3741 nihil

156 3788 245 3853 aliud
277 3809 351 3854 esse
384 3809 485 3872 quam
515 3788 685 3870 figuras
724 3787 798 3853 illas
833 3788 901 3852 sive
935 3788 1062 3853 lumina
1091 3786 1333 3869 (ornamenta)

156 3896 315 3960 orationis
345 3896 451 3979 quivis
475 3896 571 3961 facile
594 3896 656 3959 sibi
680 3895 907 3978 persuadebit.
954 3894 1064 3977 Atque
1089 3893 1330 3958 sententiarum

155 4003 279 4084 figuras
305 4003 497 4087 Dionysium
520 4012 714 4088 πραγματικῷ
744 4005 824 4084 τόπῳ
860 4000 1041 4064 subiecisse
1071 4020 1173 4083 supra
1205 4002 1249 4083 (p.
1278 3999 1331 4082 11)

156 4111 357 4189 monuimus
382 4113 419 4176 ut
442 4111 505 4189 hic,
530 4109 563 4174 id
587 4109 677 4191 quod
694 4109 796 4192 ipsius
818 4109 921 4171 verba
937 4108 1071 4179 docent.
1094 4108 1136 4170 de
1152 4107 1330 4170 verborum

244 4254 269 4321 *)
287 4252 502 4308 coniunctio
520 4251 573 4306 hoc
591 4252 650 4305 loco
668 4250 740 4303 idem
760 4249 890 4316 estquod
909 4248 1078 4303 continuatio
1099 4249 1252 4309 verborum,
1278 4247 1331 4299 alio

153 4355 235 4395 seusu
254 4343 288 4395 dc
306 4360 345 4395 or.
366 4343 400 4396 ΙΙΙ
419 4341 435 4407 ξ
454 4342 515 4395 201.
