3100 4809
733 177 947 241 ...85-

239 353 435 442 plurimas*)
461 375 546 419 esse.
593 354 651 419 Est
681 354 767 419 enim
794 355 933 431 Atticus
965 354 1126 435 quoniam
1157 356 1247 420 certe
1271 354 1412 420 Athenis

236 466 287 528 est
304 464 337 528 et
350 466 449 527 natus
471 465 503 527 et
517 465 668 527 mortuus
681 464 858 526 etfunctus
876 461 964 525 omni
981 461 1100 525 civium
1118 482 1275 536 munere3
1294 483 1413 545 quam·

235 590 335 653 quam
360 571 561 634 Timaeus
595 590 670 633 eum
704 570 801 650 quasi
832 569 957 633 Licinia
988 569 1021 632 et
1054 568 1162 633 itucia
1193 568 1266 649 lege
1290 571 1412 654 repetit

235 679 432 762 Syracusas,
465 678 506 741 Et
530 677 676 758 quodam
702 676 801 739 modo
826 678 876 739 est
900 674 1063 738 nonnulla
1079 674 1114 739 in
1131 675 1182 739 his
1199 676 1300 739 etiam
1324 677 1410 742 inter

234 784 323 866 ipsos
347 783 543 852 similitudo:
577 783 664 847 acuti
698 786 786 863 sunt,
821 781 1003 864 elegantes
1037 782 1147 860 faceti,
1180 784 1317 857 breves;
1350 786 1409 849 sed

233 891 286 955 ille
312 891 461 955 Graecus
486 893 529 955 ab
546 891 636 956 omni
652 890 751 955 laude
769 891 915 955 felicior.‘
939 890 988 954 Ex
1004 890 1142 955 Timaeo
1159 911 1226 955 non
1244 891 1349 954 sotum
1367 912 1407 955 ea

233 999 432 1082 deprompta
447 1001 537 1080 puto,
555 999 676 1078 quibus
690 998 844 1081 apposuit
859 998 1034 1080 Dionysius
1055 998 1125 1062 eius
1143 1017 1264 1062 nornen
1278 1019 1309 1081 p.
1323 1000 1386 1062 458
1400 1020 1407 1061 :

230 1103 326 1190 ἥψατο
356 1104 388 1167 δέ
417 1107 469 1167 καί
501 1115 556 1167 τῶν
585 1101 734 1191 Ἀθήνησι
764 1101 894 1189 ῥητόρων
924 1101 944 1190 η
974 1109 1111 1191 ποιητική
1142 1127 1172 1167 τε
1202 1107 1255 1168 καί
1284 1109 1406 1189 τροπική

230 1217 356 1299 φράσις,
411 1209 451 1283 ὡς
492 1216 543 1298 μέν
585 1208 770 1297 Τίμαιός
815 1234 907 1299 φησι,
952 1208 1075 1295 Γοργίου
1117 1211 1277 1295 ἄρξαντος,
1319 1208 1406 1297 ἡνίκα

228 1317 379 1407 Ἀθήναξε
402 1322 569 1403 πρεσβείων
598 1320 802 1406 κατεπλήξατο
833 1321 901 1393 τοὺς
931 1318 1093 1390 ἀκοίοντας
1117 1316 1146 1381 ἐν
1169 1329 1205 1403 τή
1229 1318 1403 1406 δημηγορία,

229 1428 288 1491 sed
312 1428 411 1493 etiam
437 1449 524 1510 quae
540 1429 641 1511 paulo
666 1431 743 1492 ante
760 1428 851 1492 dedit
869 1428 1056 1511 Dionysius
1081 1428 1146 1491 iam
1169 1428 1402 1512 aThuoydide

230 1535 308 1599 illud
333 1536 463 1600 dicendi
487 1557 593 1618 genus
619 1537 721 1600 foisse
746 1539 956 1618 usurpatum,
982 1535 1061 1599 nihil
1086 1535 1247 1600 eiusmodi
1264 1536 1403 1600 inveniri

228 1643 318 1725 apud
336 1642 479 1726 Lysiam,
504 1643 680 1708 Timaeum
705 1646 859 1727 spectare
884 1643 1035 1722 arbitror,
1061 1644 1117 1726 qui
1137 1643 1285 1707 similiter
1301 1645 1403 1726 atque

227 1750 482 1832 Theophrastus
514 1750 643 1832 Lysiam
676 1751 807 1833 poetica
841 1749 962 1813 sectari
992 1750 1129 1817 dixerat.
1178 1751 1244 1814 Sed
1267 1749 1403 1814 Timaeo

227 1878 295 1920 non
321 1857 464 1920 multum
487 1856 824 1921 Halicarnassensem
849 1856 972 1919 dehere
997 1857 1091 1921 facite
1116 1858 1273 1922 conceda.

315 1963 444 2026 Maioris
470 1952 628 2027 momenti
653 1966 732 2028 sunt
755 1964 1056 2047 Theophrasti
1084 1965 1194 2030 studia
1222 1966 1401 2040 rhetorica,

224 2088 427 2151 quamquam
446 2070 508 2133 nisi
527 2070 576 2134 bis
594 2071 770 2154 Dionysius
795 2072 865 2135 eius
891 2091 1014 2136 nomen
1047 2092 1115 2136 non
1140 2074 1288 2157 apponit.
1313 2075 1399 2141 Sunt

225 2178 337 2239 autem
361 2177 394 2240 hi
419 2176 482 2241 loci
506 2181 570 2242 ea
595 2199 624 2260 p.
642 2180 707 2243 4134
732 2178 779 2242 R:
806 2174 890 2239 Μετὰ
914 2179 1023 2251 ταίτας
1045 2176 1152 2264 ἀρετήν
1168 2175 1295 2264 εὑρίσκω
1318 2189 1400 2267 παρὰ

224 2278 323 2365 Aucta
345 2287 420 2345 πάνυ
443 2286 632 2371 θαυμαστήν,
656 2283 694 2371 ής
718 2285 972 2370 Θεόφραστος
994 2289 1046 2370 μέν
1069 2306 1156 2372 φησιν
1179 2287 1265 2371 ἄρξαι
1281 2287 1399 2372 Θρασί-

222 2410 330 2473 μαχον,
354 2386 412 2470 ἐγὼ
437 2390 462 2451 δ’
487 2388 617 2477 ἡγοῦμαι
640 2389 771 2456 Λοοίαν·
802 2395 934 2474 καὶγὰρ
957 2400 1017 2466 τοῖς
1039 2393 1157 2478 χρόνοις
1179 2392 1265 2468 οὗτος
1287 2394 1399 2460 ἐκείνου

220 2500 355 2581 προέχειν
378 2497 477 2583 ἔμοιγε
500 2497 588 2561 δοκεῖ.
634 2495 711 2579 λέγω
735 2498 760 2560 δ’
786 2495 880 2572 ὡςέν
911 2498 996 2585 ἀκμή
1026 2512 1109 2585 κοινή
1145 2504 1208 2583 βίοο
1238 2509 1398 2589 γενομένων

219 2600 337 2689 αμροῐν,
361 2608 414 2668 καί
437 2602 461 2668 εί
485 2610 526 2691 μή
544 2617 627 2671 τοῦτο
644 2608 758 2694 δοθείη,
784 2613 816 2671 τό
832 2613 865 2689 γέ
881 2628 923 2669 τοι
939 2613 1004 2693 περὶ
1019 2613 1087 2682 τοὺς
1102 2608 1264 2698 ἀληθινοὺς
1280 2609 1398 2693 ἀγῶνοις

219 2705 330 2772 ἐκείνοι)
354 2713 467 2797 μᾶλλον
491 2717 652 2801 τετρῖφθαι.
687 2713 721 2779 oi)
745 2721 841 2802 μέντοι
864 2714 1085 2803 διαβεβαιοῦμαί
1096 2741 1139 2798 γε,
1163 2716 1303 2804 ὁπότερος
1327 2718 1397 2806 ἦρξε

217 2827 269 2902 της
293 2816 401 2905 ἀρετης
422 2823 531 2906 ταίιτης
553 2826 631 2885 κατὰ
654 2826 686 2885 τὸ
709 2829 821 2908 παρόν·
846 2823 913 2888 ἀλλ’
938 2823 981 2888 ὅτι
996 2821 1114 2898 Λυσίας
1136 2829 1249 2912 μᾶλλον
1272 2825 1302 2892 ἐν
1321 2825 1395 2912 aurp

216 2922 357 3009 διήνεγκε,
382 2936 465 2989 τοῦτο
489 2929 612 3011 θαρρῶν
635 2926 670 2990 ἂν
694 2928 913 3019 ἀποφηναίμην.
938 2936 980 3005 τίς
995 2931 1020 2991 δ’
1039 2931 1114 2996 ἐστιν
1129 2933 1165 3021 ἥν
1181 2957 1256 3022 φημι
1272 2934 1393 3022 ἀρετήν;

215 3027 534 3119 ήσοστρέροοοα
558 3039 603 3098 τὰ
626 3040 803 3122 νοήματα
826 3035 894 3101 καί
917 3041 1393 3129 οτρογγδλωςέκρέροοσα

215 3136 338 3216 λέξις,
372 3134 466 3201 οἰκεία
489 3144 563 3201 πάνυ
587 3145 640 3204 καὶ
663 3141 811 3223 ἀναγκαία
834 3153 896 3217 τοῖς
918 3145 1080 3219 δικανικοῖς
1109 3148 1207 3228 λόγοις
1234 3153 1286 3211 καί
1310 3154 1392 3213 παντί
1418 3206 1424 3215 .

214 3239 325 3328 ἀληθεῖ
349 3242 445 3323 ἀγῶνι.

302 3351 375 3414 Non
401 3352 532 3433 inquiro
575 3355 637 3436 hie,
671 3359 745 3422 uter
777 3359 819 3423 dc
854 3358 940 3424 itlius
974 3362 1105 3427 virtutis
1136 3365 1271 3429 auctore
1302 3369 1389 3430 recte

214 3457 346 3538 sentiat,
371 3478 575 3541 quamquam
601 3463 827 3548 Theophrasti
860 3471 1043 3536 auctoritas
1075 3471 1214 3537 multum
1239 3474 1388 3557 valet**),

212 3564 275 3626 hoc
299 3568 389 3631 certe
413 3568 547 3632 nostrae
564 3573 751 3651 quaestioni
770 3578 940 3650 accrescit,
964 3579 1029 3644 iam
1051 3580 1156 3645 multo
1173 3583 1251 3646 anie
1268 3582 1390 3667 Diony·

210 3670 294 3734 sium
320 3672 361 3736 de
387 3673 564 3740 virtutihus
593 3681 746 3745 oratoriis
778 3681 982 3765 disputatum
1007 3687 1121 3760 fuisse,
1147 3690 1202 3771 qui
1233 3693 1388 3757 auctores

300 3867 326 3936 *)
344 3869 442 3938 Lysiae
461 3873 522 3939 pius
542 3876 584 3929 CC
606 3877 759 3945 Dionysius,
780 3880 889 3934 Catonis
909 3882 1055 3938 caruisse
1075 3885 1170 3940 Cicero
1188 3889 1279 3942 tradit.

299 3975 344 4042 **)
364 3977 584 4048 Theophrastum
604 3983 702 4037 merito
721 3990 832 4040 secutus
850 4005 910 4042 esse
935 3989 1044 4045 videtur
1071 3994 1164 4049 Cicero
1195 4013 1235 4049 or.
1254 3998 1270 4063 ἕ
1291 3998 1340 4051 171
1360 4005 1386 4054 et

209 4062 275 4118 175:
296 4067 378 4135 ,apud
398 4068 514 4123 Graecos
534 4072 645 4138 quidem
665 4074 718 4127 iam
739 4078 804 4131 anni
824 4095 909 4148 prope
931 4081 1123 4151 quadringenti
1142 4090 1214 4149 sunt,
1235 4102 1320 4153 quum
1335 4089 1386 4142 hoc

209 4155 348 4220 probatur
373 4163 528 4216 (numerum
555 4164 580 4214 in
608 4164 730 4218 oratione
757 4171 840 4232 esse);
866 4172 882 4238 ᾖ
910 4171 961 4224 175
989 4173 1127 4242 ,princeps
1154 4175 1309 4229 inveniendi
1335 4177 1385 4230 fuit

205 4242 455 4313 Thrasymachus‘3
481 4251 583 4306 invenit
609 4254 688 4322 igitur
715 4256 786 4311 circa
811 4276 913 4314 annam
939 4281 963 4314 a.
984 4265 1013 4317 C.
1040 4281 1065 4316 n.
1092 4265 1264 4318 ccccxcvi
1293 4270 1319 4317 et
1345 4274 1385 4321 est

205 4333 286 4401 Lysia
306 4337 438 4406 superior,
458 4341 505 4410 qui
524 4347 604 4395 natus
623 4351 665 4397 est
685 4362 724 4399 ca.
745 4364 772 4400 a.
792 4348 973 4404 CCCCLVIH.
