3100 4809
706 174 921 240 ..53-

228 355 395 430 decomm,
428 374 468 418 ex
501 354 619 417 eodem
649 352 722 416 loco
754 372 955 432 cognosces:
996 352 1118 431 ,Magni
1148 325 1400 435 igituriudicii‚

227 482 379 525 summae
404 461 505 524 etiam
528 459 698 524 facultatis
722 478 797 523 esse
814 458 949 522 debebit
964 458 1155 523 moderator
1176 461 1230 525 ille
1254 463 1288 526 et
1304 464 1400 542 quasi

227 569 432 651 temperator
462 568 561 631 huius
592 566 780 649 tripartitae
816 565 998 629 varietatis.
1046 564 1132 630 Nam
1173 570 1205 631 et
1242 568 1400 633 iudicabit

227 676 306 757 quid
332 675 452 755 cuique
477 694 561 756 opus
586 673 628 736 sit
652 677 685 736 et
707 672 829 754 poterit
860 690 1072 753 quocumque
1097 674 1194 737 modo
1218 676 1411 757 postulabit

227 802 331 846 causa
359 782 479 845 dicere.
527 780 593 844 Sed
625 781 676 843 est
700 779 910 860 eloquentiae
934 778 1020 841 sicut
1052 779 1255 860 reliquarum
1287 802 1398 845 rerum

226 888 484 952 fundamentum
508 886 680 969 sapientia.
729 885 771 949 Ut
796 886 884 949 enim
913 884 947 947 in
972 884 1085 971 vita*)‚·
1110 886 1157 949 sic
1189 886 1223 949 in
1248 888 1398 952 oratione

227 995 306 1058 nihil
333 995 383 1057 est
406 993 570 1057 difficilius
594 1012 694 1073 quam
708 991 788 1072 quid
805 992 924 1055 deceat
941 991 1063 1057 videre.
1093 989 1211 1075 Πρέπον
1228 994 1400 1078 appellant

229 1102 293 1164 hoc
319 1100 457 1174 Gracci3
489 1120 549 1163 nos
579 1099 729 1163 dicamus
754 1118 836 1163 sane
860 1098 1029 1166 decorum.
1075 1099 1132 1164 De
1163 1119 1244 1180 quo
1273 1122 1397 1183 prae-

227 1207 345 1272 clare
370 1207 411 1271 et
441 1206 577 1270 multa
609 1205 960 1289 praecipiuntur
996 1207 1028 1269 et
1057 1227 1111 1270 res
1136 1209 1187 1271 est
1211 1209 1397 1288 cognitione

226 1314 427 1394 dignissima.
452 1314 558 1378 Huius
571 1312 780 1394 ignoratione
797 1332 865 1375 non
879 1313 976 1376 modo
989 1312 1022 1376 in
1036 1314 1113 1394 vita,
1130 1315 1190 1379 sed
1203 1316 1397 1397 saepissime

226 1421 314 1485 etin
338 1422 502 1505 poematis
527 1425 560 1485 et
582 1422 616 1484 in
640 1420 790 1484 oratione
807 1421 968 1502 peccatur
992 1419 1190 1505 [utrumque
1207 1424 1337 1505 spectat
1361 1427 1397 1489 ut

223 1527 427 1613 Dionysius]
474 1529 533 1592 Est
563 1531 678 1592 autem
712 1528 791 1609 quid
815 1528 933 1591 deceat
963 1528 1087 1592 oratori
1117 1529 1297 1594 videndum
1329 1552 1394 1596 non

222 1635 255 1698 iu
280 1636 454 1699 sententiis
479 1636 597 1715 solum,
623 1635 680 1699 sed
706 1636 806 1698 etiam
838 1635 872 1697 in
897 1634 1007 1698 verhis
1040 1633 1203 1717 (πρέπουσα
1227 1633 1338 1723 ἐκλογὴ
1364 1641 1395 1703 et

221 1745 371 1824 πρέπουσα
387 1743 546 1822 cheleon).
579 1742 654 1806 Non
672 1742 760 1807 enim
779 1742 886 1805 omnis
904 1743 1047 1820 fortuna,
1066 1762 1134 1806 non
1151 1743 1259 1806 omnis
1277 1745 1394 1826 honos

222 1869 289 1912 non
314 1850 421 1912 omnis
446 1850 641 1931 auctoritas
665 1870 732 1914 non
757 1849 865 1913 omnis
891 1850 996 1927 aetaS,
1030 1869 1093 1913 nec
1117 1870 1196 1914 vero
1219 1851 1312 1915 locus
1337 1854 1395 1916 aut

221 1958 352 2038 tempus
369 1954 497 2039 (καιρός)
514 1959 572 2020 aut
592 1958 722 2020 auditor
740 1957 847 2020 omnis
866 1958 985 2020 eodem
1002 1958 1061 2021 aut
1075 1958 1255 2021 verborum
1272 1978 1394 2039 genere

221 2062 416 2127 tractandus
433 2066 492 2127 aut
504 2063 747 2127 sententiarum
764 2083 966 2146 semperque
979 2064 1013 2127 in
1026 2064 1116 2126 omni
1126 2066 1221 2148 parte
1236 2066 1394 2131 orationis

221 2171 257 2232 ut
281 2170 368 2233 vitae
393 2170 472 2249 quid
496 2170 614 2233 deceat
637 2170 689 2233 est
712 2169 1008 2233 considerandum:
1041 2170 1130 2250 quod
1162 2173 1195 2234 et
1226 2172 1259 2234 in
1292 2194 1328 2237 re
1354 2174 1393 2238 de

220 2294 288 2356 qua
311 2276 421 2356 agitur
444 2277 590 2359 positum
615 2278 666 2340 est
689 2278 723 2340 et
745 2276 780 2338 in
803 2275 955 2359 personis
990 2279 1021 2340 et
1047 2297 1164 2341 eorum
1189 2279 1245 2359 qui
1279 2280 1394 2345 dicunt

221 2383 254 2445 et
285 2402 402 2446 eorum
434 2383 490 2464 qui
524 2383 673 2447 audiunt.
720 2384 837 2463 ltaque
868 2384 958 2447 hunc
990 2385 1100 2448 locum
1129 2385 1227 2466 longe
1260 2389 1293 2451 et
1326 2387 1392 2451 late

219 2489 390 2572 patentem
423 2490 675 2572 philosophi
706 2490 815 2554 solent
847 2490 881 2553 in
913 2491 1027 2555 officiis
1062 2493 1218 2571 tractare,
1253 2530 1289 2539 —
1324 2517 1391 2560 non

219 2616 322 2677 quum
346 2599 387 2661 dc
411 2599 502 2662 recto
527 2597 597 2679 ipso
623 2597 806 2680 disputant,
830 2618 910 2662 nam
933 2598 966 2660 id
982 2599 1114 2678 quidem
1141 2620 1246 2664 unum
1270 2605 1321 2667 est
1340 2639 1391 2681 —,

214 2691 489 2786 'grammatici
513 2706 546 2768 in
570 2705 687 2787 poetis,
713 2705 980 2785 eloquentes
1004 2706 1038 2768 in
1056 2708 1143 2770 omni
1169 2712 1202 2772 et
1218 2730 1341 2790 genere
1359 2712 1393 2774 et

218 2815 313 2894 parte
339 2833 528 2877 causarum.
576 2813 616 2876 cf.
642 2813 683 2876 de
707 2833 754 2878 or.
780 2813 891 2877 11155
917 2813 934 2894 ἓ
961 2814 1146 2879 210-213.

307 2937 405 3001 Vides
436 2937 688 3002 Ciceronem
723 2939 803 3019 quid
833 2939 991 3003 decorum
1027 2939 1070 3002 sit
1103 2940 1209 3004 fusius
1243 2942 1390 3006 tractare

218 3063 320 3125 quam
351 3045 556 3129 Dionysium.
604 3047 714 3127 Atque
754 3046 838 3110 haec
875 3047 1054 3110 maximam
1092 3049 1225 3130 partem
1256 3049 1390 3113 fluxisse

218 3173 257 3216 ex
287 3153 435 3216 fontibus
466 3154 611 3234 graeciS,
651 3154 739 3217 unde
773 3154 931 3235 Dionysio
968 3173 1103 3235 quoque
1135 3155 1268 3219 haurire
1299 3156 1389 3221 licuit

215 3258 317 3340 ipsius
336 3260 438 3323 verba
453 3260 640 3324 luculenter
656 3262 840 3327 declarant.
865 3260 1094 3324 Stoicorum
1110 3263 1291 3345 praecepta
1309 3264 1387 3343 quid

217 3365 334 3429 deceat
365 3366 398 3428 in
430 3367 497 3430 vita
522 3368 697 3450 Dionysius
735 3368 931 3449 neglexisse,
965 3368 1079 3432 Cicero
1113 3368 1146 3432 in
1178 3389 1277 3432 usum
1309 3372 1388 3435 artis

217 3473 383 3537 oratoriae
408 3475 611 3539 convertisse
635 3475 776 3540 videtur.

305 3596 378 3662 lam
394 3599 548 3683 Dionysio
572 3601 644 3684 ipso
661 3601 745 3664 duce
763 3603 976 3684 pervenimus
994 3600 1153 3664 adfinem
1169 3602 1387 3682 quaestionis,

216 3725 303 3787 quae
328 3707 360 3768 in
383 3707 534 3770 oratione
559 3708 644 3771 hene
669 3709 901 3790 componenda
926 3711 1079 3791 spectare
1103 3709 1303 3784 debeamus3
1328 3712 1388 3772 mi-

216 3813 364 3877 nutiores
388 3833 442 3876 res
467 3813 675 3895 levioresque
693 3815 866 3898 discipulo,
891 3803 1071 3896 quoderat
1093 3816 1173 3879 tunc
1197 3816 1386 3880 rhetoribus

215 3919 247 3981 in
272 3940 374 3999 more,
398 3921 690 3985 exercitationibus
729 3922 900 3986 cotidianis
931 3943 967 3985 se
997 3922 1195 3985 traditurum
1225 3924 1387 4005 promittit

214 4047 245 4107 p.
272 4027 336 4090 284
363 4027 438 4091 Seli.

214 4158 426 4170 ἡ*

304 4205 328 4271 *)
347 4206 406 4258 Huc
425 4206 538 4275 pertinet
557 4204 679 4260 Panaetii
699 4208 766 4261 liber
786 4204 842 4277 περί
859 4205 1018 4277 καθήκοντος
1036 4207 1099 4272 (Cic.
1119 4208 1153 4260 ad
1167 4208 1224 4261 Au„
1245 4207 1379 4273 to',ll‚4).
