3100 4809
638 320 855 387 ...98-

713 500 768 567 IV.

430 622 485 689 De
508 622 784 690 Demosthenis
809 626 1046 693 elocutionis.

151 749 220 831 (qui
237 749 319 814 liber
334 748 434 831 vulgo
452 748 643 812 inscribitur
660 750 735 832 ,περὶ
751 758 805 835 τῆς
819 750 958 837 λεκτικῆς
973 748 1186 838 Δημοσθένους
1199 754 1328 843 δεινότη-

509 852 612 935 τοτ’*),
634 876 666 938 p.
692 858 892 923 953-1129
917 858 969 937 R).

240 978 448 1045 Accedamus
487 980 527 1044 ad
565 979 703 1044 alteram
734 980 808 1045 libri
848 983 889 1047 de
930 985 1099 1048 veteribus
1140 988 1327 1051 oratoribus

150 1089 290 1172 partem,
309 1088 350 1152 de
377 1086 683 1165 Demosthene,
709 1086 951 1171 Hyperide,
971 1089 1205 1173 Aeschine,
1224 1114 1326 1176 quam

150 1194 334 1279 perlectam
357 1193 457 1259 luisse
482 1213 521 1257 ex
544 1192 636 1256 initio
648 1194 758 1258 iudicii
791 1195 833 1259 de
860 1197 1027 1260 Dinarche
1046 1202 1196 1280 apparet,
1216 1203 1326 1266 exstat

151 1304 265 1369 autem
299 1301 426 1367 solede
443 1300 677 1366 Demosthenis
702 1302 889 1368 elocutione
915 1306 958 1387 (p.
996 1307 1080 1377 1129
1113 1306 1159 1372 R:
1183 1309 1248 1390 περὶ
1271 1318 1324 1394 τῆς

148 1406 361 1496 Δημοσθένους
383 1405 504 1489 λέξεως)
527 1407 768 1492 disputatio**).

239 1516 413 1599 Dionysius
430 1534 506 1580 cum
523 1515 784 1580 Demosthenem
801 1517 973 1581 absolutae
990 1520 1023 1583 et
1040 1520 1209 1601 perfectae
1226 1522 1326 1587 orati·

149 1624 223 1688 onis
247 1624 343 1706 quasi
367 1643 521 1688 normam
546 1643 620 1688 esse
644 1624 676 1686 111
701 1623 785 1687 libro
809 1624 851 1688 de
876 1626 1053 1689 verborum
1083 1629 1322 1710 compositione

148 1730 223 1813 plus
236 1750 303 1794 uno
316 1730 389 1795 loco
402 1730 581 1808 docuisset,
595 1749 754 1810 maguam
768 1731 847 1793 mihi
858 1731 931 1795 libri
945 1734 986 1796 de
997 1733 1222 1798 Demosthene
1235 1736 1322 1799 exci-

146 1838 229 1902 tavit
253 1836 547 1920 exspectationem.
595 1836 663 1900 Sed
687 1857 763 1919 spes
788 1857 841 1901 me
858 1838 1066 1921 aliquantum
1090 1840 1104 1917 1
1122 1829 1224 1915 sehin
1246 1842 1321 1923 plus
1417 1909 1423 1914 ,
1509 1833 1531 1840 ’”

147 1946 223 2009 novi
247 1946 524 2028 exspectaveram
549 1965 651 2026 quarn
674 1944 789 2008 inveni
805 1947 838 2010 et
855 1945 974 2009 iterum
996 1948 1182 2030 iterumque
1199 1948 1331 2029 legenti¹

146 2052 247 2117 nimia
270 2050 467 2127 verbositas,
491 2070 545 2114 res
572 2050 650 2115 alibi
667 2052 832 2116 tractatae
849 2053 882 2116 et
904 2052 938 2115 in
962 2053 1026 2117 hoc
1050 2054 1121 2136 ipso
1146 2054 1228 2117 libro
1252 2076 1321 2120 non

146 2158 250 2223 semel
274 2156 436 2242 repetitae
463 2159 542 2221 mihi
566 2157 777 2240 aliquantum
794 2158 914 2222 fastidii
939 2162 1127 2225 moverunt.
1159 2161 1216 2224 Est
1238 2183 1320 2227 sane

146 2263 280 2331 dimidia
303 2286 383 2349 pars
408 2266 448 2329 de
473 2265 660 2329 elocutione
681 2300 716 2311 ο
737 2266 844 2330 altera
869 2286 977 2348 eaque
1001 2267 1131 2347 gravior
1154 2268 1195 2331 de
1219 2270 1320 2333 rebus

145 2375 178 2439 in
202 2374 319 2438 ultima
340 2372 440 2437 libelli
457 2371 580 2455 pagina
597 2372 798 2454 promittitur
817 2409 854 2418 -
874 2375 925 2436 est
949 2374 1065 2437 eadem
1082 2374 1175 2437 initio
1192 2376 1320 2457 perdito

146 2482 276 2553 mutila,
292 2480 352 2546 sed
368 2500 478 2562 neque
495 2482 601 2543 multa
617 2480 825 2543 intercidisse
842 2499 883 2544 ex
900 2500 927 2544 c.
948 2483 986 2544 17
1005 2483 1038 2544 et
1054 2482 1096 2544 40
1114 2482 1218 2545 conici
1234 2482 1320 2563 licet,

145 2591 178 2654 et
201 2589 378 2671 Dionysius
403 2586 655 2670 quaestionibus
686 2587 727 2649 de
751 2587 1028 2667 generedicendi
1061 2587 1262 2669 elegantiam
1287 2593 1319 2653 et

144 2695 331 2762 doctrinam
347 2694 505 2778 inprimis
523 2693 700 2757 ostendere
716 2691 881 2774 solet***).
900 2695 967 2758 Sed
980 2694 1043 2758 hoe
1055 2694 1185 2775 longius
1195 2696 1320 2759 recedit

147 2825 166 2868 a
191 2806 307 2867 nostra
331 2801 512 2885 provincia.

234 2909 281 2973 De
314 2907 549 2972 Demosthenis
582 2906 768 2970 elocutione
803 2906 958 2989 Dionysio
991 2908 1074 2972 haec
1106 2909 1176 2972 fere
1208 2909 1320 2992 dispu-

144 3018 215 3083 tata
239 3020 328 3081 sunt.
360 3014 496 3078 Dicendi
512 3015 590 3078 sunt
606 3014 669 3077 tria
686 3033 823 3098 genera,
847 3013 999 3093 sublime,
1016 3017 1128 3095 tenue,
1154 3016 1318 3097 medium3

145 3125 286 3191 sublime
311 3124 537 3210 Thucydides,
562 3125 664 3188 tenue
688 3122 817 3206 Lysias,
848 3123 993 3186 medium
1025 3123 1200 3187 coluerunt
1222 3123 1319 3187 Plato

145 3234 178 3297 et
200 3233 375 3299 Isocrates.
423 3231 665 3296 Demosthenes
705 3232 819 3295 autem
849 3250 917 3294 non
950 3230 1058 3294 solum
1088 3230 1319 3313 Thucydidem

233 3394 261 3460 *1
280 3394 339 3447 eod.
359 3392 485 3447 Ambros.
506 3391 537 3445 D.
559 3390 610 3444 119
634 3389 698 3459 (111.
717 3388 778 3456 XV)
798 3395 870 3444 recte
893 3389 1004 3444 exhibet
1028 3387 1083 3460 περὶ
1106 3397 1155 3461 τῆς
1181 3388 1318 3461 Apposit-

145 3503 203 3547 νοος
223 3482 323 3546 λέξεως.
352 3500 377 3538 1.
396 3482 570 3551 Herwerdeu‚
592 3480 704 3549 Dionys.
723 3480 784 3533 Hel.
803 3479 881 3548 epist.
900 3481 958 3534 crit.
977 3480 1014 3532 lll
1031 3479 1116 3548 prael.
1135 3497 1161 3549 p.
1182 3479 1212 3535 V.

234 3590 276 3657 **)
289 3590 373 3661 Epist.
387 3591 422 3644 ad
437 3590 485 3644 Gn.
498 3587 595 3658 Pomp.
609 3586 656 3641 c.2
674 3604 700 3656 p.
715 3586 765 3641 753
779 3586 819 3641 R:
838 3584 924 3639 λοιπὸν
942 3584 964 3637 δ’
978 3585 1028 3638 toti
1041 3604 1085 3655 μοι
1096 3584 1141 3637 καὶ
1153 3586 1209 3657 περὶ
1228 3584 1318 3652 αὐτῶν,

142 3672 177 3732 ὧν
195 3677 288 3751 εἴρηκα
311 3678 393 3750 λόγων
417 3680 474 3751 περὶ
498 3677 602 3749 τάνδρὸς
626 3677 652 3730 ἓν
675 3682 714 3746 τῇ
740 3675 811 3747 περὶ
835 3682 896 3727 τῶν
922 3674 1082 3729 Ἀττικῶν
1106 3673 1319 3746 πραγματείᾳ

143 3768 306 3841 ῥητόρων,
326 3766 414 3821 εἰπεῖν·
434 3767 511 3838 θήσω
529 3765 551 3818 δ’
572 3765 661 3828 αὐταῖς
680 3763 780 3830 λέξεσιν,
807 3763 842 3825 ὡς
861 3765 912 3817 ἐκεῖ
929 3765 1050 3835 γέγραφα,
1070 3769 1230 3833 repetuntur
1248 3779 1319 3832 quae

143 3858 176 3912 de
189 3859 329 3913 Demosth.
350 3860 402 3913 cb
421 3876 447 3928 p.
460 3856 515 3912 964
532 3857 656 3927 exposita
675 3859 747 3909 sunt.
773 3853 885 3907 Librum
907 3854 941 3907 de
956 3854 1147 3908 Demosthenis
1167 3853 1318 3907 elocutione

143 3952 206 4017 post
224 3947 324 4002 librum
347 3949 380 4001 de
393 3964 481 4017 comp.
495 3946 569 4000 verb.
584 3945 736 3999 conlectum
757 3947 785 4018 et
794 3943 897 3997 editum
911 3960 970 3997 esse
983 3951 1056 3997 recle
1068 3943 1193 3997 Roelsler
1207 3943 1318 4010 Dionys.

142 4036 237 4106 fragm.
257 4042 320 4108 pt
346 4053 387 4106 sq.
412 4041 508 4090 contra
533 4033 670 4089 Blassium
695 4032 824 4086 defendit.
862 4031 954 4086 Obiter
981 4049 1079 4087 moneo
1104 4033 1168 4086 illud
1196 4031 1319 4102 δηλοῦται

141 4143 167 4196 p.
187 4125 240 4179 240
265 4127 327 4180 Sch.
352 4125 463 4194 perlecti
487 4125 546 4178 loco
572 4123 624 4177 dici
649 4121 779 4192 potuisse,
805 4127 834 4175 ut
857 4123 952 4191 procul
975 4121 1058 4175 dubio
1078 4122 1173 4192 ,γράφω
1195 4119 1262 4173 τάδε*
1280 4120 1318 4174 ad

141 4214 236 4284 Pomp.
257 4232 279 4268 c.
298 4216 316 4269 3
334 4233 360 4285 p.
380 4216 431 4269 767
451 4212 564 4285 perfecti
582 4212 638 4266 vim
658 4210 770 4265 obtinet.

232 4320 291 4387 ***)
309 4321 414 4376 Tenuia
426 4337 536 4390 quoque
548 4324 621 4384 sunt,
641 4334 711 4386 quae
726 4320 778 4370 vet.
791 4331 863 4370 cens.
884 4335 909 4384 p.
923 4315 976 4371 433
990 4317 1012 4370 u
1027 4334 1068 4385 sq.
1088 4317 1121 4370 de
1135 4315 1318 4371 Demosthene

141 4410 294 4477 traduntur,
313 4418 343 4464 ut
362 4411 445 4464 etiam
463 4409 491 4463 in
510 4410 578 4463 libro
598 4408 621 4460 ll
640 4403 696 4476 περὶ
715 4403 849 4474 μιμήσεως
869 4405 1015 4474 Dionysius
1040 4406 1187 4475 imaginem
1213 4402 1315 4460 summi

141 4498 257 4552 oratoris
275 4516 374 4567 parurn
392 4499 516 4553 distincte
535 4495 699 4568 expressisse
718 4494 851 4548 videatur.
