<?xml version="1.0" encoding="UTF-8"?>
<!DOCTYPE html PUBLIC "-//W3C//DTD XHTML 1.0 Transitional//EN"
    "http://www.w3.org/TR/xhtml1/DTD/xhtml1-transitional.dtd">
<html xmlns="http://www.w3.org/1999/xhtml" xml:lang="en" lang="en">
 <head>
  <title>
</title>
<meta http-equiv="Content-Type" content="text/html;charset=utf-8" />
  <meta name='ocr-system' content='tesseract 3.04.00' />
  <meta name='ocr-capabilities' content='ocr_page ocr_carea ocr_par ocr_line ocrx_word'/>
</head>
<body>
  <div class='ocr_page' id='page_1' title='image "./dedionysiihalic00ammogoog_0120.png"; bbox 0 0 3100 4809; ppageno 0'>
   <div class='ocr_carea' id='block_1_1' title="bbox 636 247 919 349">
    <p class='ocr_par' dir='ltr' id='par_1_1' title="bbox 636 247 919 349">
     <span class='ocr_line' id='line_1_1' title="bbox 636 247 919 349; baseline 0 -1"><span class='ocrx_word' id='word_1_1' title='bbox 636 247 789 349; x_wconf 82' lang='lat'>...110</span> <span class='ocrx_word' id='word_1_2' title='bbox 836 252 919 331; x_wconf 65' lang='lat'>-&#39;</span> 
     </span>
    </p>
   </div>
   <div class='ocr_carea' id='block_1_2' title="bbox 169 462 1344 1081">
    <p class='ocr_par' dir='ltr' id='par_1_2' title="bbox 169 462 1344 1081">
     <span class='ocr_line' id='line_1_2' title="bbox 259 462 1344 546; baseline -0.002 -18"><span class='ocrx_word' id='word_1_3' title='bbox 259 463 414 528; x_wconf 88' lang='lat' dir='ltr'>Ceterum</span> <span class='ocrx_word' id='word_1_4' title='bbox 439 463 479 526; x_wconf 89' lang='lat' dir='ltr'>de</span> <span class='ocrx_word' id='word_1_5' title='bbox 504 462 673 527; x_wconf 88' lang='lat' dir='ltr'>Dinarcho</span> <span class='ocrx_word' id='word_1_6' title='bbox 696 462 959 546; x_wconf 91' lang='lat' dir='ltr'>disputationem</span> <span class='ocrx_word' id='word_1_7' title='bbox 983 462 1080 527; x_wconf 83' lang='lat' dir='ltr'>facile</span> <span class='ocrx_word' id='word_1_8' title='bbox 1096 462 1252 528; x_wconf 87' lang='lat' dir='ltr'>omnium</span> <span class='ocrx_word' id='word_1_9' title='bbox 1270 482 1344 546; x_wconf 91' lang='lat' dir='ltr'>per·</span> 
     </span>
     <span class='ocr_line' id='line_1_3' title="bbox 172 569 1343 654; baseline 0.001 -22"><span class='ocrx_word' id='word_1_10' title='bbox 172 569 386 636; x_wconf 83' lang='lat' dir='ltr'>lectissimam</span> <span class='ocrx_word' id='word_1_11' title='bbox 409 570 557 654; x_wconf 89' lang='lat' dir='ltr'>Dionysii</span> <span class='ocrx_word' id='word_1_12' title='bbox 585 571 677 653; x_wconf 83' lang='lat' dir='ltr'>puto,</span> <span class='ocrx_word' id='word_1_13' title='bbox 711 571 834 653; x_wconf 84' lang='lat' dir='ltr'>quippe</span> <span class='ocrx_word' id='word_1_14' title='bbox 859 589 939 638; x_wconf 89' lang='lat' dir='ltr'>cum</span> <span class='ocrx_word' id='word_1_15' title='bbox 971 570 1111 634; x_wconf 87' lang='lat' dir='ltr'>aliorum</span> <span class='ocrx_word' id='word_1_16' title='bbox 1143 570 1343 635; x_wconf 88' lang='lat' dir='ltr'>adiumentis</span> 
     </span>
     <span class='ocr_line' id='line_1_4' title="bbox 171 672 1343 761; baseline 0.002 -21"><span class='ocrx_word' id='word_1_17' title='bbox 171 696 280 760; x_wconf 86' lang='lat' dir='ltr'>paene</span> <span class='ocrx_word' id='word_1_18' title='bbox 303 677 482 741; x_wconf 88' lang='lat' dir='ltr'>destitutus</span> <span class='ocrx_word' id='word_1_19' title='bbox 515 677 583 740; x_wconf 90' lang='lat' dir='ltr'>suis</span> <span class='ocrx_word' id='word_1_20' title='bbox 607 672 724 742; x_wconf 88' lang='lat' dir='ltr'>studiis</span> <span class='ocrx_word' id='word_1_21' title='bbox 759 677 819 741; x_wconf 93' lang='lat' dir='ltr'>niti</span> <span class='ocrx_word' id='word_1_22' title='bbox 850 680 884 741; x_wconf 89' lang='lat' dir='ltr'>et</span> <span class='ocrx_word' id='word_1_23' title='bbox 913 678 1048 742; x_wconf 88' lang='lat' dir='ltr'>devita</span> <span class='ocrx_word' id='word_1_24' title='bbox 1072 678 1343 761; x_wconf 71' lang='lat' dir='ltr'>orationibusque</span> 
     </span>
     <span class='ocr_line' id='line_1_5' title="bbox 170 784 1343 866; baseline 0.003 -20"><span class='ocrx_word' id='word_1_25' title='bbox 170 784 360 866; x_wconf 79' lang='lat' dir='ltr'>diligentius</span> <span class='ocrx_word' id='word_1_26' title='bbox 378 803 540 866; x_wconf 81' lang='lat' dir='ltr'>quaerere</span> <span class='ocrx_word' id='word_1_27' title='bbox 559 785 743 866; x_wconf 83' lang='lat' dir='ltr'>cogeretur,</span> <span class='ocrx_word' id='word_1_28' title='bbox 762 785 926 865; x_wconf 88' lang='lat' dir='ltr'>quantum</span> <span class='ocrx_word' id='word_1_29' title='bbox 944 787 1057 848; x_wconf 88' lang='lat' dir='ltr'>autem</span> <span class='ocrx_word' id='word_1_30' title='bbox 1073 787 1163 848; x_wconf 85' lang='lat' dir='ltr'>recte</span> <span class='ocrx_word' id='word_1_31' title='bbox 1180 786 1343 864; x_wconf 82' lang='lat' dir='ltr'>statuerit,</span> 
     </span>
     <span class='ocr_line' id='line_1_6' title="bbox 171 891 1344 976; baseline 0.001 -22"><span class='ocrx_word' id='word_1_32' title='bbox 171 891 332 971; x_wconf 91' lang='lat' dir='ltr'>quantum</span> <span class='ocrx_word' id='word_1_33' title='bbox 356 891 427 973; x_wconf 90' lang='lat' dir='ltr'>ipse</span> <span class='ocrx_word' id='word_1_34' title='bbox 459 891 629 968; x_wconf 85' lang='lat' dir='ltr'>erraverit,</span> <span class='ocrx_word' id='word_1_35' title='bbox 664 893 800 974; x_wconf 89' lang='lat' dir='ltr'>propter</span> <span class='ocrx_word' id='word_1_36' title='bbox 830 891 1094 955; x_wconf 75' lang='lat' dir='ltr'>testimoniorum</span> <span class='ocrx_word' id='word_1_37' title='bbox 1123 892 1269 976; x_wconf 90' lang='lat' dir='ltr'>inopiam</span> <span class='ocrx_word' id='word_1_38' title='bbox 1301 892 1344 957; x_wconf 93' lang='lat' dir='ltr'>ad</span> 
     </span>
     <span class='ocr_line' id='line_1_7' title="bbox 169 996 729 1081; baseline 0.002 -21"><span class='ocrx_word' id='word_1_39' title='bbox 169 996 332 1078; x_wconf 88' lang='lat' dir='ltr'>liquidum</span> <span class='ocrx_word' id='word_1_40' title='bbox 356 1017 424 1061; x_wconf 92' lang='lat' dir='ltr'>non</span> <span class='ocrx_word' id='word_1_41' title='bbox 449 999 559 1081; x_wconf 88' lang='lat' dir='ltr'>potest</span> <span class='ocrx_word' id='word_1_42' title='bbox 582 996 729 1080; x_wconf 90' lang='lat' dir='ltr'>perduci.</span> 
     </span>
    </p>
   </div>
   <div class='ocr_carea' id='block_1_3' title="bbox 167 1426 1407 2900">
    <p class='ocr_par' dir='ltr' id='par_1_3' title="bbox 167 1426 1407 2900">
     <span class='ocr_line' id='line_1_8' title="bbox 259 1426 1344 1511; baseline -0.001 -19"><span class='ocrx_word' id='word_1_43' title='bbox 259 1426 344 1505; x_wconf 89' lang='lat' dir='ltr'>Quid</span> <span class='ocrx_word' id='word_1_44' title='bbox 372 1428 471 1510; x_wconf 84' lang='lat' dir='ltr'>igitur</span> <span class='ocrx_word' id='word_1_45' title='bbox 499 1429 540 1493; x_wconf 90' lang='lat' dir='ltr'>de</span> <span class='ocrx_word' id='word_1_46' title='bbox 574 1449 705 1493; x_wconf 89' lang='lat' dir='ltr'>summa</span> <span class='ocrx_word' id='word_1_47' title='bbox 735 1429 932 1493; x_wconf 90' lang='lat' dir='ltr'>iudiciorum</span> <span class='ocrx_word' id='word_1_48' title='bbox 955 1428 1100 1511; x_wconf 85' lang='lat' dir='ltr'>Dionysii</span> <span class='ocrx_word' id='word_1_49' title='bbox 1132 1430 1344 1493; x_wconf 70' lang='lat' dir='ltr'>statuemus?</span> 
     </span>
     <span class='ocr_line' id='line_1_9' title="bbox 170 1535 1345 1618; baseline -0.002 -18"><span class='ocrx_word' id='word_1_50' title='bbox 170 1537 250 1602; x_wconf 79' lang='lat' dir='ltr'>Erat</span> <span class='ocrx_word' id='word_1_51' title='bbox 273 1555 355 1601; x_wconf 88' lang='lat' dir='ltr'>sane</span> <span class='ocrx_word' id='word_1_52' title='bbox 376 1535 686 1603; x_wconf 90' lang='lat' dir='ltr'>Halicarnassensis</span> <span class='ocrx_word' id='word_1_53' title='bbox 710 1537 811 1601; x_wconf 88' lang='lat' dir='ltr'>bomo</span> <span class='ocrx_word' id='word_1_54' title='bbox 836 1538 908 1601; x_wconf 89' lang='lat' dir='ltr'>arte</span> <span class='ocrx_word' id='word_1_55' title='bbox 939 1536 1105 1600; x_wconf 87' lang='lat' dir='ltr'>rhetorica</span> <span class='ocrx_word' id='word_1_56' title='bbox 1137 1536 1262 1618; x_wconf 88' lang='lat' dir='ltr'>optime</span> <span class='ocrx_word' id='word_1_57' title='bbox 1294 1536 1345 1598; x_wconf 92' lang='lat' dir='ltr'>in·</span> 
     </span>
     <span class='ocr_line' id='line_1_10' title="bbox 170 1642 1344 1725; baseline 0 -20"><span class='ocrx_word' id='word_1_58' title='bbox 170 1642 306 1706; x_wconf 87' lang='lat' dir='ltr'>stitutus</span> <span class='ocrx_word' id='word_1_59' title='bbox 331 1643 512 1724; x_wconf 88' lang='lat' dir='ltr'>intimeque</span> <span class='ocrx_word' id='word_1_60' title='bbox 536 1646 705 1709; x_wconf 89' lang='lat' dir='ltr'>oratorum</span> <span class='ocrx_word' id='word_1_61' title='bbox 731 1644 909 1707; x_wconf 84' lang='lat' dir='ltr'>atticorum</span> <span class='ocrx_word' id='word_1_62' title='bbox 933 1644 1043 1707; x_wconf 89' lang='lat' dir='ltr'>studia</span> <span class='ocrx_word' id='word_1_63' title='bbox 1068 1642 1344 1725; x_wconf 82' lang='lat' dir='ltr'>amplectebatur,</span> 
     </span>
     <span class='ocr_line' id='line_1_11' title="bbox 169 1745 1389 1833; baseline -0.002 -20"><span class='ocrx_word' id='word_1_64' title='bbox 169 1750 207 1813; x_wconf 91' lang='lat' dir='ltr'>ut</span> <span class='ocrx_word' id='word_1_65' title='bbox 222 1750 341 1814; x_wconf 91' lang='lat' dir='ltr'>mirum</span> <span class='ocrx_word' id='word_1_66' title='bbox 358 1770 425 1813; x_wconf 89' lang='lat' dir='ltr'>non</span> <span class='ocrx_word' id='word_1_67' title='bbox 442 1753 494 1831; x_wconf 85' lang='lat' dir='ltr'>sit,</span> <span class='ocrx_word' id='word_1_68' title='bbox 511 1752 538 1815; x_wconf 92' lang='lat' dir='ltr'>si</span> <span class='ocrx_word' id='word_1_69' title='bbox 555 1751 659 1815; x_wconf 87' lang='lat' dir='ltr'>multa</span> <span class='ocrx_word' id='word_1_70' title='bbox 675 1750 835 1833; x_wconf 89' lang='lat' dir='ltr'>imprimis</span> <span class='ocrx_word' id='word_1_71' title='bbox 852 1750 893 1814; x_wconf 90' lang='lat' dir='ltr'>de</span> <span class='ocrx_word' id='word_1_72' title='bbox 911 1750 1097 1815; x_wconf 80' lang='lat' dir='ltr'>elocutione</span> <span class='ocrx_word' id='word_1_73' title='bbox 1115 1768 1230 1813; x_wconf 89' lang='lat' dir='ltr'>eorum</span> <span class='ocrx_word' id='word_1_74' title='bbox 1248 1749 1344 1812; x_wconf 84' lang='lat' dir='ltr'>docte</span> <span class='ocrx_word' id='word_1_75' title='bbox 1377 1745 1389 1752; x_wconf 77' lang='grc'><strong>’</strong></span> 
     </span>
     <span class='ocr_line' id='line_1_12' title="bbox 170 1856 1345 1941; baseline -0.001 -20"><span class='ocrx_word' id='word_1_76' title='bbox 170 1859 204 1921; x_wconf 91' lang='lat' dir='ltr'>et</span> <span class='ocrx_word' id='word_1_77' title='bbox 227 1857 393 1922; x_wconf 79' lang='lat' dir='ltr'>subtiliter</span> <span class='ocrx_word' id='word_1_78' title='bbox 417 1859 608 1941; x_wconf 87' lang='lat' dir='ltr'>disputavit.</span> <span class='ocrx_word' id='word_1_79' title='bbox 653 1859 738 1923; x_wconf 88' lang='lat' dir='ltr'>lllnd</span> <span class='ocrx_word' id='word_1_80' title='bbox 755 1859 866 1923; x_wconf 89' lang='lat' dir='ltr'>autem</span> <span class='ocrx_word' id='word_1_81' title='bbox 885 1859 1068 1922; x_wconf 90' lang='lat' dir='ltr'>tenendum</span> <span class='ocrx_word' id='word_1_82' title='bbox 1085 1861 1137 1922; x_wconf 89' lang='lat' dir='ltr'>est</span> <span class='ocrx_word' id='word_1_83' title='bbox 1158 1856 1279 1920; x_wconf 88' lang='lat' dir='ltr'>iudicia</span> <span class='ocrx_word' id='word_1_84' title='bbox 1304 1856 1345 1920; x_wconf 89' lang='lat' dir='ltr'>de</span> 
     </span>
     <span class='ocr_line' id='line_1_13' title="bbox 169 1964 1344 2048; baseline -0.003 -20"><span class='ocrx_word' id='word_1_85' title='bbox 169 1965 337 2029; x_wconf 84' lang='lat' dir='ltr'>veteribus</span> <span class='ocrx_word' id='word_1_86' title='bbox 363 1966 550 2032; x_wconf 87' lang='lat' dir='ltr'>oratoribus</span> <span class='ocrx_word' id='word_1_87' title='bbox 576 1966 618 2030; x_wconf 89' lang='lat' dir='ltr'>ab</span> <span class='ocrx_word' id='word_1_88' title='bbox 642 1966 789 2048; x_wconf 86' lang='lat' dir='ltr'>ipsorum</span> <span class='ocrx_word' id='word_1_89' title='bbox 816 1965 1012 2046; x_wconf 77' lang='lat' dir='ltr'>aequalibus</span> <span class='ocrx_word' id='word_1_90' title='bbox 1045 1967 1078 2029; x_wconf 91' lang='lat' dir='ltr'>et</span> <span class='ocrx_word' id='word_1_91' title='bbox 1101 1964 1240 2028; x_wconf 87' lang='lat' dir='ltr'>aemulis</span> <span class='ocrx_word' id='word_1_92' title='bbox 1265 1984 1344 2046; x_wconf 93' lang='lat' dir='ltr'>pro-</span> 
     </span>
     <span class='ocr_line' id='line_1_14' title="bbox 169 2071 1344 2155; baseline -0.001 -19"><span class='ocrx_word' id='word_1_93' title='bbox 169 2071 269 2141; x_wconf 84' lang='lat' dir='ltr'>fecta,</span> <span class='ocrx_word' id='word_1_94' title='bbox 301 2093 321 2136; x_wconf 94' lang='lat' dir='ltr'>a</span> <span class='ocrx_word' id='word_1_95' title='bbox 353 2072 559 2150; x_wconf 88' lang='lat' dir='ltr'>rhetoribus,</span> <span class='ocrx_word' id='word_1_96' title='bbox 592 2073 649 2154; x_wconf 90' lang='lat' dir='ltr'>qui</span> <span class='ocrx_word' id='word_1_97' title='bbox 683 2073 834 2155; x_wconf 87' lang='lat' dir='ltr'>exempla</span> <span class='ocrx_word' id='word_1_98' title='bbox 865 2072 1123 2155; x_wconf 89' lang='lat' dir='ltr'>praeceptorum</span> <span class='ocrx_word' id='word_1_99' title='bbox 1155 2090 1344 2153; x_wconf 89' lang='lat' dir='ltr'>proponere</span> 
     </span>
     <span class='ocr_line' id='line_1_15' title="bbox 169 2161 1344 2255; baseline -0.002 -14"><span class='ocrx_word' id='word_1_100' title='bbox 169 2179 301 2255; x_wconf 85' lang='lat' dir='ltr'>vellent,</span> <span class='ocrx_word' id='word_1_101' title='bbox 327 2179 370 2243; x_wconf 89' lang='lat' dir='ltr'>ab</span> <span class='ocrx_word' id='word_1_102' title='bbox 387 2180 577 2243; x_wconf 88' lang='lat' dir='ltr'>auctoribus</span> <span class='ocrx_word' id='word_1_103' title='bbox 594 2180 737 2244; x_wconf 88' lang='lat' dir='ltr'>vitarum</span> <span class='ocrx_word' id='word_1_104' title='bbox 756 2182 789 2244; x_wconf 85' lang='lat' dir='ltr'>et</span> <span class='ocrx_word' id='word_1_105' title='bbox 807 2199 973 2242; x_wconf 89' lang='lat' dir='ltr'>canonum</span> <span class='ocrx_word' id='word_1_106' title='bbox 991 2178 1226 2254; x_wconf 86' lang='lat' dir='ltr'>conditoribus,</span> <span class='ocrx_word' id='word_1_107' title='bbox 1250 2161 1344 2241; x_wconf 64' lang='lat' dir='ltr'>deni·x</span> 
     </span>
     <span class='ocr_line' id='line_1_16' title="bbox 171 2284 1345 2370; baseline 0 -22"><span class='ocrx_word' id='word_1_108' title='bbox 171 2303 237 2366; x_wconf 89' lang='lat' dir='ltr'>que</span> <span class='ocrx_word' id='word_1_109' title='bbox 262 2306 281 2349; x_wconf 93' lang='lat' dir='ltr'>a</span> <span class='ocrx_word' id='word_1_110' title='bbox 306 2285 523 2370; x_wconf 87' lang='lat' dir='ltr'>pbilosophis,</span> <span class='ocrx_word' id='word_1_111' title='bbox 548 2286 604 2367; x_wconf 89' lang='lat' dir='ltr'>qui</span> <span class='ocrx_word' id='word_1_112' title='bbox 630 2287 763 2368; x_wconf 91' lang='lat' dir='ltr'>quidem</span> <span class='ocrx_word' id='word_1_113' title='bbox 789 2287 884 2350; x_wconf 91' lang='lat' dir='ltr'>nimis</span> <span class='ocrx_word' id='word_1_114' title='bbox 910 2286 1088 2356; x_wconf 75' lang='lat' dir='ltr'>artificiosa</span> <span class='ocrx_word' id='word_1_115' title='bbox 1118 2284 1345 2364; x_wconf 82' lang='lat' dir='ltr'>exagitabant,</span> 
     </span>
     <span class='ocr_line' id='line_1_17' title="bbox 169 2386 1344 2477; baseline 0.001 -24"><span class='ocrx_word' id='word_1_116' title='bbox 169 2393 201 2455; x_wconf 89' lang='lat' dir='ltr'>et</span> <span class='ocrx_word' id='word_1_117' title='bbox 217 2392 450 2472; x_wconf 84' lang='lat' dir='ltr'>grammaticis,</span> <span class='ocrx_word' id='word_1_118' title='bbox 468 2412 611 2474; x_wconf 90' lang='lat' dir='ltr'>quorum</span> <span class='ocrx_word' id='word_1_119' title='bbox 624 2397 754 2457; x_wconf 87' lang='lat' dir='ltr'>sextum</span> <span class='ocrx_word' id='word_1_120' title='bbox 772 2392 1100 2477; x_wconf 89' lang='lat' dir='ltr'>pulcherrimumque</span> <span class='ocrx_word' id='word_1_121' title='bbox 1114 2410 1235 2455; x_wconf 91' lang='lat' dir='ltr'>munus</span> <span class='ocrx_word' id='word_1_122' title='bbox 1251 2386 1344 2474; x_wconf 78' lang='grc' dir='ltr'>κρίσιν</span> 
     </span>
     <span class='ocr_line' id='line_1_18' title="bbox 167 2498 1379 2583; baseline 0.003 -23"><span class='ocrx_word' id='word_1_123' title='bbox 167 2501 335 2583; x_wconf 76' lang='grc' dir='ltr'>ποιημάτων</span> <span class='ocrx_word' id='word_1_124' title='bbox 359 2498 437 2562; x_wconf 90' lang='lat' dir='ltr'>dicit</span> <span class='ocrx_word' id='word_1_125' title='bbox 460 2500 637 2583; x_wconf 87' lang='lat' dir='ltr'>Dionysius</span> <span class='ocrx_word' id='word_1_126' title='bbox 661 2500 776 2565; x_wconf 84' lang='lat' dir='ltr'>Thrax</span> <span class='ocrx_word' id='word_1_127' title='bbox 800 2504 843 2583; x_wconf 86' lang='lat' dir='ltr'>(p.</span> <span class='ocrx_word' id='word_1_128' title='bbox 869 2498 1008 2581; x_wconf 59' lang='lat' dir='ltr'>conl),</span> <span class='ocrx_word' id='word_1_129' title='bbox 1033 2500 1132 2562; x_wconf 82' lang='lat' dir='ltr'>aucta</span> <span class='ocrx_word' id='word_1_130' title='bbox 1158 2501 1190 2563; x_wconf 92' lang='lat' dir='ltr'>et</span> <span class='ocrx_word' id='word_1_131' title='bbox 1214 2519 1344 2563; x_wconf 86' lang='lat' dir='ltr'>corree—</span> <span class='ocrx_word' id='word_1_132' title='bbox 1375 2533 1379 2537; x_wconf 76' lang='lat'><em>‚</em></span> 
     </span>
     <span class='ocr_line' id='line_1_19' title="bbox 168 2604 1407 2694; baseline 0.001 -24"><span class='ocrx_word' id='word_1_133' title='bbox 168 2607 203 2670; x_wconf 93' lang='lat' dir='ltr'>ta</span> <span class='ocrx_word' id='word_1_134' title='bbox 217 2606 456 2687; x_wconf 87' lang='lat' dir='ltr'>posterioribus</span> <span class='ocrx_word' id='word_1_135' title='bbox 475 2627 548 2669; x_wconf 89' lang='lat' dir='ltr'>esse</span> <span class='ocrx_word' id='word_1_136' title='bbox 566 2606 697 2687; x_wconf 90' lang='lat' dir='ltr'>tradita,</span> <span class='ocrx_word' id='word_1_137' title='bbox 721 2610 758 2672; x_wconf 92' lang='lat' dir='ltr'>ut</span> <span class='ocrx_word' id='word_1_138' title='bbox 774 2607 951 2690; x_wconf 88' lang='lat' dir='ltr'>Dionysius</span> <span class='ocrx_word' id='word_1_139' title='bbox 967 2604 1184 2689; x_wconf 87' lang='lat' dir='ltr'>scriptoribus</span> <span class='ocrx_word' id='word_1_140' title='bbox 1203 2627 1347 2694; x_wconf 56' lang='lat' dir='ltr'>accuraf</span> <span class='ocrx_word' id='word_1_141' title='bbox 1404 2679 1407 2683; x_wconf 52' lang='grc'>,</span> 
     </span>
     <span class='ocr_line' id='line_1_20' title="bbox 168 2709 1341 2797; baseline 0.003 -22"><span class='ocrx_word' id='word_1_142' title='bbox 168 2709 294 2775; x_wconf 89' lang='lat' dir='ltr'>tissime</span> <span class='ocrx_word' id='word_1_143' title='bbox 326 2712 369 2776; x_wconf 91' lang='lat' dir='ltr'>ad</span> <span class='ocrx_word' id='word_1_144' title='bbox 396 2714 577 2795; x_wconf 83' lang='lat' dir='ltr'>praecepta</span> <span class='ocrx_word' id='word_1_145' title='bbox 610 2714 690 2777; x_wconf 90' lang='lat' dir='ltr'>artis</span> <span class='ocrx_word' id='word_1_146' title='bbox 721 2714 888 2779; x_wconf 86' lang='lat' dir='ltr'>oratoriae</span> <span class='ocrx_word' id='word_1_147' title='bbox 922 2712 1118 2777; x_wconf 87' lang='lat' dir='ltr'>examinatis</span> <span class='ocrx_word' id='word_1_148' title='bbox 1155 2714 1341 2797; x_wconf 89' lang='lat' dir='ltr'>copiosiora</span> 
     </span>
     <span class='ocr_line' id='line_1_21' title="bbox 167 2817 1339 2900; baseline 0.007 -20"><span class='ocrx_word' id='word_1_149' title='bbox 167 2817 312 2900; x_wconf 89' lang='lat' dir='ltr'>quidem,</span> <span class='ocrx_word' id='word_1_150' title='bbox 326 2837 412 2882; x_wconf 91' lang='lat' dir='ltr'>nova</span> <span class='ocrx_word' id='word_1_151' title='bbox 429 2821 462 2882; x_wconf 89' lang='lat' dir='ltr'>et</span> <span class='ocrx_word' id='word_1_152' title='bbox 477 2819 628 2884; x_wconf 87' lang='lat' dir='ltr'>inaudita</span> <span class='ocrx_word' id='word_1_153' title='bbox 645 2822 755 2884; x_wconf 88' lang='lat' dir='ltr'>autem</span> <span class='ocrx_word' id='word_1_154' title='bbox 769 2820 944 2885; x_wconf 85' lang='lat' dir='ltr'>tradidisse</span> <span class='ocrx_word' id='word_1_155' title='bbox 955 2820 1088 2882; x_wconf 88' lang='lat' dir='ltr'>minime</span> <span class='ocrx_word' id='word_1_156' title='bbox 1102 2820 1274 2900; x_wconf 91' lang='lat' dir='ltr'>putandus</span> <span class='ocrx_word' id='word_1_157' title='bbox 1288 2823 1339 2888; x_wconf 89' lang='lat' dir='ltr'>sit.</span> 
     </span>
    </p>
   </div>
   <div class='ocr_carea' id='block_1_4' title="bbox 769 2921 840 2945">
    <p class='ocr_par' dir='ltr' id='par_1_4' title="bbox 769 2921 840 2945">
     <span class='ocr_line' id='line_1_22' title="bbox 769 2921 840 2945; baseline 0 -16"><span class='ocrx_word' id='word_1_158' title='bbox 769 2921 840 2945; x_wconf 57' lang='grc' dir='ltr'>...ἵ</span> 
     </span>
    </p>
   </div>
   <div class='ocr_carea' id='block_1_5' title="bbox 1524 2661 1545 2696">
    <p class='ocr_par' dir='ltr' id='par_1_5' title="bbox 1524 2661 1545 2696">
     <span class='ocr_line' id='line_1_23' title="bbox 1524 2661 1545 2696; baseline 0 -3"><span class='ocrx_word' id='word_1_159' title='bbox 1524 2661 1545 2696; x_wconf 63' lang='lat' dir='ltr'>it</span> 
     </span>
    </p>
   </div>
   <div class='ocr_carea' id='block_1_6' title="bbox 0 0 1554 4809">
    <p class='ocr_par' dir='ltr' id='par_1_6' title="bbox 0 0 1554 4809">
     <span class='ocr_line' id='line_1_24' title="bbox 0 0 1554 4809; baseline 0 1"><span class='ocrx_word' id='word_1_160' title='bbox 0 0 1554 4809; x_wconf 95' lang='lat' dir='ltr'> </span> 
     </span>
    </p>
   </div>
  </div>
 </body>
</html>
