3100 4809
655 211 853 279 ..4..

165 390 251 467 τέλος
266 389 381 480 ἔχουσα
396 390 427 457 τὸ
443 392 578 466 πιθανῶς
593 389 679 456 εἰπεῖν
695 396 822 457 κατὰτὸ
838 391 1047 482 ἐνδεχόμενον.“
1070 394 1221 464 Alterum
1238 397 1342 485 pluri-

167 502 262 588 hus*)
275 503 355 568 locis
372 503 541 581 traditum,
558 502 749 586 plenissime
765 504 909 569 refertur
926 526 945 570 a
963 506 1046 570 Dor
1057 527 1135 590 opa
1149 510 1212 573 tro
1229 508 1341 592 (Rhet.

167 631 213 692 gr.
238 611 283 675 VI
304 631 336 694 p.
356 612 395 675 17
416 609 501 686 W.):
530 604 671 693 Ὕστερον
694 608 719 671 δ’
746 613 835 693 (post
858 607 1085 696 Aristotelem)
1116 609 1162 675 ἐπὶ
1186 611 1342 698 Καίσαρος

165 713 335 797 Aianteion
358 712 571 787 Διονύσιος
593 712 609 778 ὁ
633 720 736 801 μέγας,
761 713 776 779 ὁ
801 727 854 803 της
876 714 1023 803 ἡμετέρας
1039 723 1146 805 τέχνης
1161 723 1343 807 καθηγητὴς

164 827 216 887 καὶ
238 827 335 909 πατὴρ
360 822 480 904 ἀγαθὸς
502 827 663 909 γενόμενος,
688 820 747 887 ἀπὸ
763 820 981 907 (Αλικαρναοοῑ)
1001 829 1034 888 τὸ
1057 822 1140 906 γένος
1155 833 1339 912 καταφέρων,

164 928 291 1015 ὡρίσατο
305 935 356 1016 τὴν
372 927 528 1017 ῥητορικὴν
539 941 686 1016 νουνεχῶς
698 933 750 993 καὶ
765 929 975 1015 προσηκόντως
986 929 1124 1028 εἰρηκὼς·
1149 930 1219 1020 ,Ῥη
1230 956 1268 996 το
1279 956 1295 1018 p
1306 957 1315 997 ι
1325 971 1340 982 -

165 1035 1342 1125 κηἐστιδὺναμιςτεχνικὴπιθανοῦλόγοοἐνπράηματιπο-

164 1146 426 1229 λιτικῷτέλος
443 1144 590 1230 ἔχουσα
605 1148 644 1208 τὸ
662 1142 700 1208 εὖ
715 1142 872 1226 λέγειν.
887 1150 1339 1215 Sumnrndelinitionisinter

165 1256 343 1337 utrumque
368 1254 536 1334 congruit:
561 1248 702 1338 ῥητορικὴ
726 1249 848 1339 δύναμις
870 1257 997 1319 πιθανοῦ
1021 1252 1111 1336 λόγου
1136 1254 1165 1318 ἐν
1189 1261 1339 1342 πράγματα

164 1361 303 1444 πολιτικῷ
327 1361 411 1432 τέλος
433 1358 548 1445 ἔχοντα
573 1411 579 1424 .
605 1409 613 1425 .
638 1407 645 1420 .
671 1389 677 1437 ;
711 1361 744 1423 in
776 1362 822 1425 eis
855 1363 974 1445 quibus
1011 1364 1203 1448 discrepant
1233 1365 1342 1428 Doxo·

166 1468 253 1552 patri
289 1468 522 1533 auctoritatem
556 1467 816 1551 praeferendam
849 1489 922 1533 esse
958 1472 989 1533 et
1021 1470 1221 1548 definitionis
1254 1472 1340 1535 ratio

166 1576 264 1640 docet
287 1582 321 1640 et
344 1575 523 1658 Doxopatri
547 1574 753 1656 singulorum
779 1576 959 1639 verborum
981 1576 1222 1659 interpretatio.
1269 1578 1339 1641 Iarn

167 1683 348 1759 videamus
373 1682 416 1746 ad
441 1701 539 1766 quam
566 1681 776 1764 superiorum
799 1682 972 1746 rhetorum
989 1685 1047 1747 aut
1064 1684 1340 1766 philosophorum

166 1790 393 1855 definitionem
426 1790 574 1873 proxime
607 1789 748 1853 accedat
777 1789 994 1873 Dionysiana,
1029 1811 1131 1873 quarn
1164 1811 1266 1855 unam
1300 1811 1340 1854 ex

166 1898 336 1962 rhetorum
360 1898 609 1988 definitionibus
639 1898 676 1961 ut
706 1897 860 1961 omnibus
892 1899 1039 1962 numeris
1070 1899 1258 1962 absolutam
1282 1919 1341 1980 op·

166 2006 259 2088 ponit
282 2005 467 2070 Aristotelis
491 2004 680 2088 philosophi
715 2004 898 2068 definitioni
923 2007 1112 2088 Doxopater
1138 2006 1202 2069 Rh.
1228 2026 1275 2086 gr.
1299 2006 1341 2068 Vl

166 2134 198 2196 p.
217 2114 257 2178 16
282 2112 326 2194 (ν.
352 2112 561 2195 Spengel,
584 2112 705 2178 Rhein.
730 2111 814 2176 Mus
843 2113 892 2190 18,
912 2114 1003 2186 524).

256 2215 367 2302 Atque
399 2218 664 2283 Aristoteles
696 2220 756 2283 art.
783 2220 868 2283 rhet.
894 2220 907 2282 l
940 2240 966 2287 c.
993 2223 1012 2283 2
1037 2221 1105 2283 init.
1138 2221 1183 2285 ita
1208 2220 1339 2285 delinit:

163 2322 262 2389 Ἔστω
286 2325 323 2412 δὴ
356 2321 496 2411 ῥητορικὴ
527 2321 649 2409 δύναμις
678 2327 743 2408 περὶ
774 2322 900 2387 ἕκαστον
923 2325 1031 2403 τοῦ**)
1062 2328 1216 2413 θεωρῆσαι
1239 2330 1271 2388 r'o
1295 2324 1341 2388 ὲν-

167 2429 324 2518 δεχόμενον
357 2430 497 2513 πιθανόν,
534 2431 825 2511 Hermagoras
861 2433 971 2513 (Rhet.
1006 2434 1105 2513 gnV
1139 2455 1169 2515 p.
1191 2437 1230 2497 15
1254 2434 1340 2518 W.):

167 2536 325 2625 Ῥητορική
357 2536 417 2601 ἐστι
446 2534 568 2623 δύναμις
600 2546 651 2599 τοῦ
683 2534 791 2619 eh***)
826 2539 921 2618 λέγειν
949 2542 985 2600 τὰ
1015 2539 1150 2602 πολιτικὰ
1179 2543 1342 2625 ζητήματα,

168 2646 444 2712 Cornificius
462 2646 531 2710 sive
549 2647 724 2710 auctorati
741 2645 888 2713 Herenn.
905 2647 919 2709 l
936 2648 1005 2722 2,2:
1032 2647 1181 2711 Orator-is
1199 2648 1341 2710 officium

169 2756 221 2819 est
248 2755 289 2818 de
321 2754 368 2823 iis,
391 2754 492 2818 rebus
523 2773 624 2837 posse
654 2753 774 2835 dicere,
806 2774 893 2836 quae
926 2773 980 2816 res
1012 2754 1053 2817 ad
1085 2775 1183 2818 usum
1214 2756 1342 2819 civilem

168 2860 317 2925 moribus
329 2881 368 2925 ac
379 2861 507 2942 legibus
519 2861 720 2925 constitutae
733 2862 822 2934 sunt,
840 2880 915 2924 cum
928 2861 1126 2925 adsensione
1141 2862 1342 2936 auditorum,

169 2969 279 3052 quoad
296 2969 367 3050 eius
384 2968 454 3031 fieri
470 2967 601 3050 poterit,
619 2967 764 3031 Cicero
782 2967 823 3030 de
839 2969 922 3031 orat.
937 2969 950 3031 l
967 2968 1074 3049 §2132
1092 2969 1266 3032 Oratorem
1287 2991 1342 3035 au·

171 3076 415 3159 tem,quoniam
427 3074 468 3138 de
478 3094 516 3138 eo
528 3074 893 3156 quaerimu5,equidem
903 3073 1062 3138 nonfacio
1073 3075 1228 3142 eundem,
1241 3069 1341 3156 quem

171 3183 312 3248 Crassus
326 3181 357 3264 (ᾗ
371 3183 436 3262 dl),
453 3181 509 3264 qui
527 3180 605 3244 mihi
622 3181 712 3244 visus
730 3183 780 3246 est
797 3202 930 3245 omnem
947 3182 1094 3245 omnium
1112 3201 1224 3244 rernm
1241 3186 1342 3265 atque

171 3290 290 3354 artium
301 3289 472 3353 scientiam
490 3287 773 3371 comprehendere
794 3309 862 3352 uno
875 3289 1016 3353 oratoris
1026 3288 1132 3351 officio
1142 3307 1181 3352 ac
1191 3288 1342 3362 nomine3

173 3398 273 3479 atque
299 3416 375 3461 eum
400 3398 480 3479 puto
505 3415 589 3466 esse,
614 3396 670 3477 qui
695 3398 727 3459 et
751 3396 864 3459 verbis
893 3396 933 3460 ad
962 3395 1166 3460 audiendum
1191 3395 1342 3458 iucundis

173 3506 206 3567 et
229 3502 404 3567 sententiis
428 3503 469 3567 ad
487 3502 698 3585 probandum
716 3503 975 3566 accommodatis
991 3501 1039 3565 uti
1056 3501 1161 3583 possit
1184 3501 1216 3563 in
1235 3503 1343 3565 causis

173 3609 363 3674 forensibus
387 3611 488 3691 atque
513 3609 756 3673 communibus.
802 3609 895 3673 Idem
919 3610 1003 3673 orat.
1026 3608 1044 3688 ἕ
1069 3610 1127 3671 un:
1153 3608 1222 3671 Erit
1247 3608 1345 3688 igitur

174 3717 335 3800 eloquens
352 3716 390 3796 ie,
408 3716 462 3798 qui
480 3716 513 3778 in
529 3714 602 3779 foro
619 3716 799 3798 causisque
816 3715 964 3778 civilibus
982 3715 1027 3778 ita
1045 3715 1141 3792 dicet,
1163 3715 1199 3776 ut
1215 3715 1344 3796 probel,

174 3825 210 3887 ut
234 3823 386 3902 delectet,
410 3825 447 3886 ut
469 3822 591 3886 flectat.

174 3930 385 3940 ———

264 3965 289 4029 *l
310 3982 335 4018 ν.
354 3965 458 4018 Usener
476 3964 493 4016 l.
512 3964 529 4017 l.
549 3981 575 4032 p.
592 3964 607 4016 7
627 3979 667 4032 sq.
786 3999 830 4034 του

265 4053 310 4118 **)
332 4054 357 4107 in
383 4054 531 4122 archetypo
556 4052 640 4106 fuisse
664 4052 717 4123 περὶ
736 4055 839 4106 ἕκαστον
857 4055 991 4126 θεωρῆσαι
1020 4053 1118 4107 conicit
1148 4052 1287 4122 Christ,
1315 4057 1345 4106 ut

175 4141 251 4195 varia
270 4142 384 4195 lectione
402 4141 531 4195 articulus
551 4149 593 4192 τοῦ
612 4146 688 4194 ortus
707 4142 751 4195 sit.

265 4230 325 4296 m)
348 4231 380 4284 cf.
408 4229 530 4298 Dionysii
560 4229 644 4299 ipsius
675 4232 759 4285 verba
783 4233 816 4285 dc
841 4235 914 4289 adm.
942 4235 1018 4286 Dem.
1047 4232 1072 4285 vi
1098 4249 1124 4299 p.
1152 4232 1220 4284 1112
1244 4234 1277 4285 R.
1302 4224 1345 4285 ’τοῦ

175 4318 254 4389 λέγειν
266 4315 293 4371 εὖ
306 4317 376 4388 διττὴ
389 4318 409 4392 ἡ
422 4317 542 4389 διαίρεσίς
556 4319 606 4370 ἐστι
618 4320 667 4383 nti,
685 4320 732 4372 ubi
748 4322 775 4372 πὸ
789 4320 867 4392 lisseio
880 4317 906 4372 εὖ
925 4322 996 4374 idem
1015 4321 1069 4373 fere
1082 4321 1155 4388 quod
1169 4338 1213 4372 ars
1227 4323 1346 4376 oratoria

176 4406 319 4477 significat,
338 4425 363 4462 v.
377 4408 460 4462 etiarn
480 4409 513 4461 de
532 4426 620 4478 comp.
639 4427 666 4478 p.
680 4411 704 4463 8.
869 4401 872 4407 ’
