3100 4809
625 246 843 313 ...70-

141 428 419 496 1111111116
450 449 481 511 p.
510 426 595 493 1416
632 426 718 491 1139
765 426 870 508 (initio
905 426 1033 510 perdito
1076 426 1194 491 mutila
1237 429 1317 491 sunt

52 586 55 591 ,
142 556 228 621 quae
252 535 293 599 de
317 533 512 599 narratione
535 534 569 598 in
594 553 698 600 causa
713 534 857 598 iudiciali
871 534 1049 617 disputat):
1074 542 1121 596 νῦν
1145 532 1178 595 δὲ
1192 531 1316 614 γελοίως

140 645 192 729 τὴν
215 636 346 727 διήγησίν
369 661 442 727 φασι
471 639 529 702 δεῖν
561 636 633 703 εἶναι
655 649 796 725 ταχεῖαν·
829 641 924 703 καίτοι
955 635 1052 722 ὥσπερ
1083 635 1163 722 dap
1186 645 1318 725 μάττοντι

141 747 271 835 ἐρομένῳ
294 751 415 832 πότερον
438 748 572 834 σκληρὰν
595 744 614 832 ἢ
639 748 780 833 μαλακην
797 747 887 833 μάξη,
911 751 937 809 11
952 746 998 822 δ’;
1022 745 1088 833 ἔφη,
1114 744 1146 810 εὖ
1162 745 1317 823 ἀδὺνοιτονς

140 859 192 920 καῖ
215 853 345 919 ἐνταῦθα
374 851 502 939 ὁμοίως·
534 853 579 917 δεῖ
608 859 664 938 γὰρ
695 857 737 941 μὴ
771 865 896 940 μακρῶς
925 853 1092 940 διηγεῖσθαι
1121 850 1220 938 ὥσπερ
1250 850 1319 916 οὐδὲ

139 959 383 1049 προοιμιάζεσθαι
395 970 529 1047 μακρῶς,
547 957 614 1024 οὐδὲ
625 964 678 1033 τὰς
694 957 802 1034 πίστεις
817 961 924 1041 λέγειν·
947 957 1012 1024 οὐδ
1018 965 1034 1023 1
1053 965 1123 1045 γὰρ
1145 957 1318 1027 ἐνταῦθά

139 1067 221 1133 ἐστι
243 1072 281 1132 τὸ
305 1066 336 1132 εἴ)
359 1065 379 1154 ἢ
402 1070 441 1131 τὸ
464 1069 562 1154 ταχὺ
585 1065 605 1153 ἢ
629 1071 896 1153 τδσιιντόμως,
921 1066 1316 1152 ἀλλὰτὸμετρ1ως·*)

102 1156 105 1162 ’
139 1185 223 1241 τοῦτο
245 1175 271 1239 δ’
289 1172 349 1239 ἐστὶ
370 1178 403 1238 τὸ
418 1174 511 1256 λὲγειν
527 1171 584 1238 ὅσα
599 1174 726 1261 δηλώσει
748 1178 781 1238 τὸ
803 1187 927 1262 πρᾶγμα
949 1173 969 1261 ἢ
993 1172 1050 1239 ὅσα
1067 1182 1182 1262 ποιησει
1203 1170 1317 1239 ὑπολα-

139 1285 198 1366 βεῖν
209 1287 354 1365 γεγονέναι
368 1279 388 1368 ἢ
405 1278 580 1370 βεβλαφέναι
594 1279 613 1367 ἢ
630 1279 803 1369 ἠδικηκέναι
821 1280 841 1369 ἢ
855 1284 1018 1368 τηλικαῦτα
1033 1280 1125 1370 ἡλίκοι
1145 1279 1253 1364 βούλει·
1278 1292 1317 1365 τῷ

139 1391 172 1454 δὲ
195 1386 312 1474 ἐναντίῳ
335 1393 371 1454 τὰ
395 1386 519 1456 ἐναντία.
543 1389 719 1457 Postrema
744 1393 777 1456 et
793 1412 881 1475 quae
897 1393 1087 1475 sequuntur
1103 1390 1318 1455 consentiunt
1364 1467 1366 1470 ι

142 1518 218 1564 cum
242 1497 388 1582 Dionysii
413 1497 466 1562 vel
488 1497 600 1581 potius
623 1499 779 1563 Isocratis
802 1499 943 1583 placitis.
976 1499 1016 1564 11.
1033 1498 1155 1564 Cornif.
1179 1498 1240 1580 ro,
1265 1497 1317 1575 14,

143 1605 229 1672 adde
247 1604 357 1684 Quint.
373 1604 417 1670 lV
433 1606 463 1683 2,
476 1607 533 1671 32:
560 1604 697 1683 ,Eadem
715 1605 810 1670 nobis
826 1607 936 1689 placet
952 1606 1068 1669 divisio
1082 1604 1317 1688 [narrationisx

141 1713 263 1788 lueida,
287 1712 407 1796 brevis,
432 1712 654 1799 verisimilis];
680 1734 887 1797 quamquam
912 1716 946 1780 et
968 1712 1164 1778 Aristoteles
1189 1714 1231 1778 ab
1247 1714 1318 1778 Iso-

142 1821 234 1887 orate
256 1821 357 1904 parte·
374 1820 408 1884 in
433 1841 502 1885 una
519 1820 713 1885 dissenserit
733 1823 951 1906 praeceptum
970 1820 1142 1886 brevitatis
1165 1820 1318 1897 irridens

141 1930 314 2011 tamquam
338 1947 477 1992 necesse
501 1927 543 1991 sit
566 1926 701 2009 longam
725 1948 800 1992 esse
832 1932 891 1993 aut
915 1929 1053 1993 brevem
1078 1927 1319 2011 expositionem

141 2054 204 2100 1111
227 2034 323 2099 liceat
346 2035 393 2100 ire
417 2054 478 2118 per
501 2034 666 2110 medium3
691 2035 940 2101 Theodorei
964 2056 1098 2119 quoque
1128 2036 1236 2100 solum
1265 2056 1318 2100 11-

141 2142 297 2225 linquunt
321 2141 472 2213 ultimam
495 2142 627 2225 partem
650 2142 864 2224 (verisimile),
894 2142 974 2226 quia
998 2162 1060 2207 1111
1084 2143 1230 2208 brevitor
1253 2143 1317 2207 uti-

142 2269 207 2333 que
231 2269 294 2313 neo
317 2248 458 2313 dilucide
483 2268 616 2332 semper
639 2249 681 2314 sit
705 2250 785 2315 utile
810 2254 999 2334 exponere.‘

232 2357 381 2424 Artificia
405 2358 608 2423 narrationis
633 2363 810 2425 enumerat
833 2360 1010 2444 Dionysius
1034 2361 1075 2425 de
1100 2361 1194 2424 Isaeo
1221 2378 1248 2422 1.
1275 2358 1315 2421 15

140 2444 175 2549 p.
190 2465 255 2530 614
267 2464 315 2528 R:
333 2453 456 2535 Πολλὰς
472 2463 497 2525 δ’
511 2461 547 2527 ἂν
561 2463 661 2550 ἔχοιμι
675 2468 728 2528 καῖ
744 2465 840 2539 ἄλλας
857 2466 1067 2550 παρασχέσθαι
1083 2464 1229 2549 διηγησεις
1243 2465 1317 2546 πρὸς

142 2574 174 2634 τὸ
198 2575 346 2657 συμφέρον
370 2567 601 2656 ᾠκονομημένας
625 2567 680 2635 ὑπὸ
713 2582 764 2636 τοῦ
794 2570 918 2658 ῥήτορος
946 2580 1316 2655 προκατασκευαῖς,

139 2685 449 2763 παρασκευαῖς,
477 2688 709 2763 μερισμοῖς,
752 2682 905 2764 χωρίων
954 2676 1170 2759 ἀλλαγαῖς,
1211 2697 1317 2760 πρα-

140 2779 297 2869 γμάτων
321 2795 587 2869 μεταγωγαῖς,
622 2795 662 2869 τῷ
686 2790 728 2849 τὰ
756 2786 958 2872 κεφάλαια
981 2783 1244 2871 ἀνεστράφθαι,
1278 2794 1318 2866 τῷ

140 2893 308 2977 μὴκατὰ
337 2893 427 2962 τοὺς
457 2896 628 2977 χρόνους
662 2895 697 2956 τὰ
720 2893 898 2977 πραχθέντα
921 2888 1070 2978 εἰρῆσθαι,
1094 2901 1134 2974 τῷ
1158 2893 1200 2977 μὴ
1223 2896 1318 2954 πάντα

141 2996 208 3084 μηδ’
240 2995 276 3061 ἂν
303 2994 344 3071 ὡς
367 3000 450 3085 ριίσιν
479 2995 541 3084 εἶχε
572 3000 756 3086 πραχθῆναι,
789 2998 858 3085 μηδ’
888 2995 929 3070 ὡς
963 2996 998 3061 ἂν
1019 2995 1136 3084 ἰδιώτης
1169 3020 1212 3071 τις
1234 2996 1316 3076 εἴποι,

140 3100 290 3187 λέγεσθαι,
315 3108 356 3192 μὴ
381 3109 513 3191 μετρίως,
538 3102 652 3191 μυρίοις
674 3105 779 3179 ἄλλοις
802 3108 941 3178 τοιοῦτοις
962 3109 1089 3189 τρόποις.

228 3214 277 3279 Ex
292 3213 343 3278 his
360 3215 507 3279 artificiis
524 3215 626 3297 atque
643 3214 724 3277 dolis
742 3214 876 3278 elucent
892 3234 972 3279 vera
992 3216 1187 3299 praecepta3
1213 3215 1316 3280 tradit

140 3322 394 3388 Cornificius
411 3321 553 3387 fortasse
570 3342 611 3386 ex
625 3322 872 3386 Isocrateorum
890 3322 1063 3406 disciplina
1083 3323 1197 3400 [9,16
1214 3322 1316 3388 haee:

139 3430 226 3510 ‚Veri
250 3429 364 3494 similis
388 3430 535 3495 narratio
560 3428 630 3509 erit,
654 3429 691 3508 si,
722 3430 759 3492 ut
795 3449 877 3509 ιιιοε,
914 3430 950 3493 ut
974 3429 1096 3513 opinio,
1128 3431 1166 3494 ut
1196 3432 1317 3495 natura

140 3539 297 3621 postulat,
315 3537 479 3602 dicemus:
496 3537 523 3601 si
539 3535 650 3620 spatia
667 3538 866 3620 temporum,
883 3523 1105 3621 personarum
1127 3537 1316 3618 dignitates,

140 3644 353 3709 consiliorum
378 3644 537 3722 rationes,
561 3643 710 3708 locorum
734 3644 1005 3726 opportunitates
1030 3645 1248 3718 constabun13
1273 3666 1316 3710 ne

139 3752 244 3817 refelli
267 3751 373 3835 possit
396 3753 455 3817 aut
478 3751 637 3835 temporis
662 3769 781 3834 parum
805 3751 907 3815 fuisse
937 3754 996 3817 aut
1030 3772 1166 3817 oausam
1190 3751 1314 3817 nullam

44 3931 45 3946 ¹
140 3861 199 3924 aut
222 3858 332 3923 locum
354 3858 511 3923 idoneum
535 3878 601 3923 non
627 3859 730 3924 fuisso
755 3861 814 3924 aut
837 3859 990 3924 homines
1009 3860 1099 3943 ipsos
1124 3860 1235 3924 111111
1257 3862 1316 3924 aut

139 3967 208 4052 pati
232 3986 300 4031 non
324 3967 483 4051 potuisse.
524 3966 558 4031 Si
574 3986 655 4032 vera
678 3987 732 4031 res
758 3966 829 4045 erit,
854 3966 959 4030 nihilo
976 3967 1085 4030 minus
1102 3967 1187 4031 haec
1204 3967 1316 4032 omnia

139 4074 309 4140 narrando
334 4074 565 4139 conservanda
596 4077 694 4149 sunt3
730 4095 811 4139 nam
842 4094 944 4157 saepe
971 4074 1104 4154 veritas,
1142 4074 1204 4138 nisi
1230 4075 1313 4140 haec

230 4231 257 4300 *λ
275 4234 387 4302 Dionys.
417 4236 451 4289 de
476 4251 564 4304 comp.
590 4252 616 4303 p.
640 4234 707 4288 370:
739 4232 814 4304 Αὕτη
837 4231 906 4286 δοκεῖ
931 4251 974 4302 μοι
997 4236 1030 4285 τὰ
1055 4239 1164 4302 πρωτεῖα
1188 4232 1315 4304 ἐπιτηδεία

139 4317 201 4374 εἶναι
221 4323 308 4392 ρὲρειν,
337 4320 388 4375 imi
415 4323 526 4393 μεσότης
551 4322 593 4390 μὲν
612 4321 676 4374 ἐστι·
696 4321 807 4392 μεσότης
831 4320 858 4374 δὲ
882 4319 1000 4394 ἡάρετὴ
1019 4360 1053 4376 ..
1090 4321 1126 4383 ὡς
1145 4361 1152 4375 .
1172 4360 1179 4376 .
1199 4319 1314 4393 Ἀριστο-

139 4408 203 4463 rita
222 4451 228 4465 .
250 4450 256 4463 .
276 4452 283 4467 .
303 4408 379 4463 δοκεῖ.
