3100 4809
658 260 695 272 ..
745 221 875 289 5·0,.

175 405 336 471 bacchios
360 403 519 487 (Dionysii
542 403 679 488 hypob.)
710 423 769 485 pes
800 404 851 467 est
875 402 974 466 etiarn
1007 400 1039 463 in
1064 401 1218 465 dochmio
1248 421 1349 483 quem

176 514 311 577 exhibet
334 513 447 578 Cicero
471 513 516 593 (υ
531 525 691 597 --Jsv
704 514 760 593 -).

265 639 416 723 Denique
440 640 706 723 haudquaquam
736 638 924 722 praefracte
956 636 1123 715 negarim,
1157 656 1232 699 cum
1262 635 1347 699 haec

175 767 243 811 non
268 748 482 812 traderentur
506 748 538 810 in
563 746 693 827 vulgari
717 745 892 828 disciplina
916 744 992 825 (Cic.
1018 743 1059 806 de
1084 763 1130 810 or.
1157 742 1200 806 111
1222 741 1240 823 ξ
1260 743 1347 820 188),

175 853 368 938 Dionysium
392 874 460 918 rem
478 853 650 936 paulutum
676 853 891 936 promovisse.
925 850 991 914 Sed
1015 851 1055 913 de
1074 850 1221 913 muneris
1239 869 1348 931 aequo

173 962 247 1044 ptus
272 962 428 1044 temporis
455 959 734 1043 consumpsimus
765 959 833 1022 iam
865 960 902 1021 ut
934 959 975 1021 ad
1010 958 1107 1020 titiam
1142 956 1347 1040 quaestionis

174 1070 303 1152 partem
328 1068 469 1132 transire
494 1068 595 1131 iuvet.

727 1192 781 1257 111.

174 1318 366 1383 Pulchra
390 1293 652 1400 compositio
675 1317 730 1380 fit
752 1317 974 1380 varietate
999 1318 1044 1399 (p.
1062 1318 1237 1380 258-270
1256 1316 1344 1393 Sch).

240 1458 375 1544 ’,Κόραν
405 1457 430 1521 δ’
452 1459 525 1546 ἔχει,
551 1463 638 1546 φησὶν
671 1456 687 1522 ὁ
717 1455 875 1542 Πίνδαρος,
906 1461 958 1521 καὶ
983 1459 1049 1544 μέλι
1080 1462 1132 1521 καὶ
1155 1463 1191 1521 τὰ
1221 1462 1345 1543 τέρπν’

172 1565 278 1633 ἄνθε’
304 1567 504 1656 οἰμροδίοιιι*)ι
535 1569 682 1652 (Dionys,
712 1569 754 1633 ad
777 1569 837 1636 Cn.
870 1569 987 1651 Pomp.
1020 1588 1046 1632 c.
1073 1569 1115 1647 3).
1163 1568 1347 1650 Displicent

175 1676 274 1740 etiam
303 1677 481 1751 orationes,
507 1676 533 1738 si
557 1696 644 1739 unus
668 1676 824 1756 idemque
843 1677 947 1769 'tenor
971 1676 1204 1748 continuatum
1236 1674 1347 1738 multi·

173 1784 277 1847 modis
290 1786 368 1847 sunt
381 1783 564 1847 variandae
578 1783 857 1862 etimmutandae,
873 1802 914 1846 ne
924 1782 1114 1868 satietatem
1129 1777 1347 1845 afferant.³Hv

171 1890 203 1951 δέ
215 1911 274 1974 μοι,
291 1891 398 1972 inquit
415 1890 590 1975 Dionysius
613 1912 644 1973 p.
659 1891 722 1955 253
733 1890 822 1961 Son„
845 1892 937 1972 τρίτον
953 1890 1101 1974 θεώρημα
1115 1898 1172 1949 τῶν
1194 1884 1348 1972 ποιούντων

173 2002 224 2082 τὴν
239 2000 336 2083 καλὴν
353 1999 478 2079 (malim
493 2001 591 2084 καλὴν
606 2001 669 2084 τὴν)
686 1995 827 2083 ἁρμονίαν
843 1996 862 2085 ἡ
879 1999 1096 2084 μεταβολή,
1120 1997 1198 2077 λέγω
1215 1996 1247 2058 δὲ
1263 2044 1270 2058 .
1289 2051 1295 2064 ,
1312 2045 1319 2058 .
1337 2046 1344 2060 .

170 2108 221 2190 τὴν
246 2102 275 2167 ὲν
298 2115 360 2176 τοῖς
383 2101 527 2190 ὁμοειδέσι
550 2105 710 2168 ποικιλίαν·
735 2102 824 2189 νιόρον
847 2109 904 2189 γὰρ
927 2104 991 2189 ἔχει
1013 2107 1065 2168 οιαὶ
1087 2109 1124 2168 τὰ
1147 2106 1230 2167 καλὰ
1252 2107 1346 2165 πάντα

168 2208 265 2296 ὥσπερ
288 2215 340 2274 καὶ
368 2216 405 2275 τὰ
434 2210 511 2297 ἡδέα
541 2217 662 2298 μένοντα
694 2211 723 2275 ἐν
754 2217 980 2298 τῄιταοτότητι·
1021 2209 1230 2296 ποικιλλόμενα
1265 2210 1290 2271 δ’
1316 2207 1346 2271 ἐν

171 2326 236 2391 ταῖς
266 2319 445 2405 μεταβολαῖς
484 2317 525 2391 ὡς
565 2318 611 2382 ἀεὶ
641 2324 729 2383 nutv&
760 2325 848 2405 μένει.
896 2322 1022 2386 Deinde
1059 2322 1131 2384 arte
1162 2322 1282 2402 poetae
1313 2319 1345 2381 et

170 2428 312 2492 oratoris
350 2428 383 2490 in
415 2428 700 2509 comparationem
737 2431 858 2492 vocata
895 2429 1081 2492 orationem
1113 2427 1216 2490 mutto
1246 2427 1343 2490 libcr-

170 2537 273 2600 iorem
318 2535 350 2598 et
387 2555 469 2599 sane
516 2536 659 2599 solutam
707 2556 781 2600 esse
827 2537 979 2601 ostendit.
1034 2535 1261 2600 Variationem
1311 2534 1343 2596 et

170 2643 388 2707 mutationem
414 2642 519 2706 oratio
543 2643 702 2726 imprimis
727 2643 876 2724 requirit,
903 2645 939 2705 ut
963 2646 1120 2708 naturam
1145 2642 1251 2724 sequi,
1276 2659 1343 2703 non

170 2750 382 2813 artificiorum
421 2749 535 2812 fucum
568 2770 648 2833 prae
690 2751 725 2813 se
757 2749 844 2813 ferre
884 2750 1045 2814 videatur.
1092 2750 1161 2813 Nec
1205 2748 1345 2812 deerant

170 2856 225 2938 qui
266 2857 454 2940 praeceptis
498 2857 562 2919 hoc
602 2856 802 2938 flagitarent.
858 2856 1076 2920 Isocratis
1108 2857 1211 2919 verba
1253 2853 1343 2930 ,ἀλλὰ

168 2964 311 3046 μεμίχθαι
335 2963 419 3024 παντὶ
441 2947 558 3046 ῥυθμῷ6
582 2961 684 3045 supra
709 2962 796 3028 dedi.
843 2963 999 3027 Cicero
1029 2964 1069 3026 de
1094 2983 1140 3026 or.
1165 2963 1209 3027 Itt
1236 2962 1253 3043 ἕ
1281 2961 1342 3026 184

169 3090 258 3152 sqq:
296 3069 412 3151 Neque
446 3089 524 3132 vero
556 3070 640 3133 haec
674 3071 743 3133 tam
774 3087 885 3133 acrem
916 3090 1031 3136 curam
1071 3069 1341 3151 diligentiamque

168 3176 376 3256 desiderant,
416 3196 519 3258 quam
551 3180 601 3241 est
625 3176 679 3240 illa
705 3178 898 3261 poetarum,
934 3198 1017 3259 quos
1048 3176 1232 3241 necessitas
1257 3176 1342 3255 cogit

170 3285 203 3346 et
226 3282 288 3366 ipsi
312 3284 442 3347 numeri
475 3305 514 3348 ac
539 3285 625 3348 modi
650 3286 695 3349 sio
728 3287 833 3349 verba
857 3306 956 3350 versu
980 3285 1162 3363 includere,
1193 3286 1230 3348 ut
1261 3279 1341 3346 nihil

169 3389 210 3454 sit
241 3410 282 3453 ne
321 3391 438 3474 spiritu
475 3393 606 3473 quidem
641 3392 777 3456 minimo
808 3393 942 3456 brevius
976 3394 1033 3456 aut
1071 3391 1201 3473 longius
1238 3411 1338 3474 quam

168 3515 305 3583 necesse
330 3499 389 3561 est.
426 3498 573 3562 Liberior
599 3500 650 3562 est
673 3501 779 3564 oratio
805 3503 837 3564 et
860 3499 972 3582 plane,
1006 3502 1042 3563 ut
1066 3499 1193 3580 dicitur,
1218 3499 1265 3561 sio
1289 3500 1340 3562 est

167 3623 246 3666 vere
271 3603 392 3678 soluta,
418 3624 485 3667 non
510 3606 546 3669 ut
569 3605 676 3687 fugiat
699 3608 812 3671 tamen
838 3609 897 3671 aut
914 3609 1010 3687 erret,
1036 3609 1095 3671 sed
1120 3610 1156 3672 nt
1173 3608 1243 3670 sine
1267 3607 1339 3670 vin·

168 3709 249 3772 cutis
274 3710 424 3792 sibiipsa
442 3712 643 3777 moderetur.
675 3713 826 3797 Namque
844 3735 904 3795 ego
921 3715 1001 3778 illud
1019 3715 1190 3778 adsentior
1205 3712 1341 3777 Theo·

167 3816 366 3898 phrasto‚
391 3819 446 3899 qui
470 3822 568 3901 putat
591 3822 788 3901 orationem,
819 3842 906 3904 quae
938 3822 1072 3904 quidem
1097 3821 1138 3884 sit
1161 3820 1265 3903 polita
1289 3822 1339 3884 at-

168 3942 232 4003 que
246 3923 335 3987 facta
348 3925 490 4006 quodam
505 3920 614 3998 modo,
627 3947 693 3991 non
709 3929 853 4008 astricte,
868 3929 927 3991 sed
940 3928 1111 3992 remissius
1125 3947 1339 3992 numerosam

167 4048 241 4092 esse
265 4035 429 4113 oportere.
475 4034 617 4117 Etenim,
643 4035 729 4098 sicut
751 4035 806 4100 itte
830 4036 1030 4118 suspicatur,
1064 4056 1104 4099 ex
1127 4036 1197 4098 istis
1222 4035 1339 4113 modis,

167 4163 226 4170 ρ...-
237 4165 243 4168 .
272 4166 378 4172 ,-.,--

258 4205 285 4272 *)
306 4206 445 4262 Praecedit
468 4211 540 4279 apud
566 4210 715 4266 Pindarum
740 4212 815 4265 Nem.
841 4213 889 4266 vn
915 4214 950 4267 53
977 4212 1053 4276 ‚ana
1078 4216 1127 4283 γὰρ
1152 4212 1290 4275 ἀνάπαυσις
1315 4213 1339 4264 ἐν

165 4292 235 4344 παντὶ
252 4292 357 4364 γλυκεῖα
374 4298 474 4367 τέρμον’,
495 4299 575 4367 vulgo
594 4301 667 4368 apud
687 4299 847 4369 Dionysium
867 4302 958 4370 legunt
982 4302 1060 4375 τέρπν’
1086 4300 1235 4374 ἀρριδὶοιας
1268 4302 1339 4356 ἄνθε’

165 4382 286 4449 reposuit
306 4383 468 4440 Herwerden
490 4388 578 4457 (epist.
598 4388 654 4442 crit.
675 4406 700 4458 p.
720 4388 776 4458 35).
