3100 4809
627 220 939 292 ..63...

292 400 338 484 (4)
361 404 425 465 τοτέ
448 402 480 467 δέ
504 405 555 490 τήν
579 400 734 474 ἀσθένειαν
757 406 809 491 ’τήν
830 400 906 468 ἰδίαν
928 407 981 469 καί
1005 409 1057 493 τήν
1080 405 1247 478 πλεονεξίαν
1270 409 1322 493 τήν

357 520 407 575 τοῦ
430 508 576 575 ἀντιδίκου
600 512 652 575 καί
675 514 707 574 τὸ
731 513 773 597 μή
796 514 862 595 περί
885 522 941 575 τών
962 510 1035 577 ἴσων
1058 511 1236 601 ἀμφοτέροις
1251 499 1322 577 εἶναι

328 646 333 651 ·
356 621 405 681 τὸν
428 616 529 699 ἀγώνα
553 616 756 681 ἀποδείκνυσι·

289 727 334 808 (5)
357 728 421 789 τοτὲ
444 725 486 810 δέ,
511 722 552 798 ώς
574 728 659 789 κοινά
681 730 718 789 τά
740 730 902 812 πράγματα
923 729 976 789 καί
1000 725 1148 808 ἀναγκαῖα
1171 739 1243 805 πᾶσι
1270 729 1323 791 καί

289 859 292 862 ·
355 828 411 896 οίυκ
433 832 501 905 ἄξια
524 828 580 897 όπό
603 844 658 897 τών
682 829 850 897 ἀκουόντων
873 831 1054 920 ἀμελεῖσθαι
1077 836 1170 917 λέγει·

141 943 206 1003 τοτὲ
228 939 261 1002 δέ
284 939 360 1004 ἀλλο
377 963 403 1003 τι
425 944 679 1019 κατασκευάζεται
702 951 758 1004 τών
780 941 947 1028 δυναμένων
970 938 1057 1006 αὐτὸν
1080 947 1133 1028 μέν
1156 940 1320 1031 ώφελήσαι,

141 1049 189 1109 τόν
212 1046 245 1109 δέ
267 1042 409 1111 ἀντίδικον
433 1045 605 1112 ἐλαττῶσαι.
646 1058 738 1112 ταῦτα
762 1048 795 1111 δέ
809 1053 960 1134 συντόμως
976 1052 1029 1112 καὶ
1045 1049 1166 1137 ἀφελώς
1181 1050 1320 1126 διανοίαις

141 1178 170 1218 τε
193 1164 340 1241 χρησταῖς
362 1159 414 1219 καί
437 1160 566 1242 γνώμαις
588 1151 737 1240 εὐκαίροις
759 1159 812 1220 καί
835 1154 1026 1243 ἐνθυμήμασι
1050 1161 1177 1243 μετρίοις
1199 1161 1321 1241 περιλα-

142 1264 200 1343 βών
223 1261 270 1325 ἐπί
293 1266 344 1348 τήν
367 1259 557 1348 πρόθεσιν
588 1260 746 1344 ἐπείγεται,
779 1262 815 1326 δι’
840 1261 878 1351 ής
899 1266 952 1327 καί
974 1266 1011 1327 τά
1034 1263 1180 1349 μέλλοντα
1204 1261 1233 1326 ἐν
1257 1273 1321 1335 ταῖς

141 1368 304 1442 ἀποδείξεσι
327 1370 471 1452 λέγεσθαι
493 1374 646 1455 προειπών,
677 1373 730 1435 καί
759 1366 809 1434 τόν
842 1370 994 1457 ἀκροατήν
1017 1375 1252 1455 παρασκευάσας
1275 1366 1322 1434 εό-

140 1477 228 1563 μαθή
252 1480 327 1560 πρὸς
349 1474 397 1541 τόν
420 1478 566 1563 μέλλοντα
589 1475 686 1559 λόγον,
711 1475 758 1540 ἐπὶ
781 1481 832 1564 τήν
861 1475 1043 1565 διήγησιν
1065 1480 1246 1542 καθίσταται
1268 1480 1321 1541 καί

139 1581 199 1647 ἐστι
222 1581 362 1670 μεθόριον
383 1581 460 1668 αότήι
484 1582 631 1669 ἑκατέρας
652 1595 708 1647 τών
730 1580 815 1647 ίδεών
839 1582 880 1657 ώς
903 1589 940 1648 τά
962 1585 1061 1649 πολλά
1084 1583 1103 1672 ή
1127 1588 1320 1670 πρόθεσις.

233 1693 278 1758 De
303 1693 437 1757 exordio
461 1693 613 1758 doctrina
638 1693 744 1757 altero
767 1693 842 1757 loco
863 1694 964 1758 etiam
981 1694 1087 1775 magis
1106 1694 1320 1777 explanatur.

141 1802 182 1865 de
203 1800 300 1883 Lysia
324 1799 389 1865 iud.
415 1820 442 1866 c.
468 1801 510 1865 24
533 1822 565 1884 p.
583 1802 647 1865 500
670 1799 720 1864 R:
753 1795 857 1878 ,Τοῦτο
887 1796 919 1862 τό
942 1797 1093 1885 προοίμιον
1115 1797 1234 1872 ἁπάσας
1258 1799 1322 1886 ἔχει

139 1912 192 1979 τὰς
215 1906 331 1991 ἀρετάς,
356 1889 430 1978 όσας
453 1906 496 1969 δεῖ
518 1904 551 1970 τό
566 1903 716 1991 προοίμιον
732 1904 819 1991 ἔχειν.
854 1905 1022 1993 δηλώσουσι
1044 1908 1076 1969 δέ
1099 1903 1134 1970 οἱ
1156 1912 1322 1981 κανόνες

141 2012 242 2097 αὐτῷ
265 2015 556 2098 παρατεθέντες
575 2008 602 2075 οἱ
622 2023 695 2076 τών
721 2024 882 2099 τεχνών.
913 2011 1081 2087 άπαντες
1101 2019 1172 2099 γάρ
1193 2015 1319 2102 δήπου
1396 2101 1399 2106 ι

140 2121 483 2206 παραγγέλλουσιν
507 2115 540 2182 οἱ
563 2118 847 2205 συνταξάμενοι
870 2125 936 2192 τάς
953 2126 1108 2208 τέχνας,
1126 2119 1321 2204 ότανήπρὸς

141 2227 267 2315 οἰκείους
290 2224 307 2291 ό
330 2225 418 2310 ἀγών,
443 2213 570 2308 σκοπεῖν,
604 2224 684 2299 όπώς
717 2229 759 2313 μή
790 2230 912 2314 πονηροί
934 2220 1011 2314 μηδὲ
1034 2229 1269 2314 φιλοπράγμονες
1292 2223 1320 2289 σί

140 2341 300 2420 κατήγοροι
322 2340 508 2422 φανήσονται.
561 2329 718 2397 κελεόουσί
735 2356 766 2396 τε
789 2346 903 2419 πρώτον
926 2337 979 2420 μὲν
1002 2337 1052 2419 τήν
1075 2330 1168 2396 αἰτίαν
1191 2329 1232 2405 είς
1253 2335 1320 2404 τοὺς

142 2441 304 2515 ἀντιδίκους
318 2439 495 2525 περιιστάναι
517 2443 635 2504 καὶτοῦ
657 2438 847 2527 ἐγκλήματος
861 2443 913 2503 καί
928 2450 978 2503 του
997 2440 1119 2519 ἀγώνος.
1142 2442 1194 2501 καί
1216 2440 1319 2521 λέγειν,

142 2548 186 2614 ότι
207 2550 324 2635 μεγάλα
346 2547 533 2634 τάδικήματα
556 2550 608 2610 καί
631 2543 687 2609 οόκ
710 2544 776 2633 ἐνήν
801 2543 876 2611 αότά
899 2550 1023 2632 μετρίως
1045 2543 1180 2627 ἐνεγκεῖν,
1203 2547 1256 2608 καί
1278 2541 1321 2607 ότι

143 2654 214 2740 όπέρ
229 2656 463 2739 ἀναγκαιοτέρων
472 2659 635 2737 προσώπων
648 2650 664 2717 ό
677 2651 756 2734 ἀγών
768 2658 821 2717 καί
833 2651 950 2739 ἐρήμων
961 2657 1012 2717 καί
1025 2652 1108 2741 ήττον
1118 2648 1322 2740 όπεροφθήναι

143 2760 239 2844 ἀξίων,
264 2758 308 2838 οἷς
330 2764 372 2846 μή
397 2762 576 2846 βοηθοῦντες
598 2763 724 2833 κακίους
746 2757 782 2824 ἀν
806 2757 973 2848 ἐμάνησαν·
1003 2763 1055 2824 καί
1085 2757 1128 2822 ότι
1150 2760 1321 2844 προκαλοί-

144 2890 223 2955 μενοι
246 2869 314 2939 τοὺς
336 2865 498 2939 ἀντιδίκους
520 2862 563 2940 εἰς
585 2866 750 2948 διαλλαγάς
771 2870 824 2931 καί
847 2864 944 2955 φιλοις
967 2871 1004 2932 τά
1026 2872 1185 2953 πράγματα
1208 2864 1321 2950 ἐπιτρέ-

142 2996 243 3047 ποντες
265 2977 318 3038 καί
340 2977 376 3036 τά
399 2973 508 3037 δυνατά
532 2971 727 3038 ἐλαττοῦσθαι
749 2969 954 3060 όπομένοντες,
987 2972 1106 3048 οόδενδς
1127 2971 1321 3061 ἠδυνήθησαν

144 3092 241 3169 τυχεῖν
264 3092 319 3144 τών
343 3084 474 3167 μετρίων.
514 3089 605 3145 ταῦτα
628 3085 680 3166 μέν
704 3080 741 3167 δή
765 3084 1003 3165 παραγγέλλουσι
1027 3091 1116 3145 ποιεῖν
1139 3077 1322 3166 σίγτεχνο-

144 3194 308 3276 γράφοι,
330 3186 379 3253 ἵνα
402 3192 435 3252 τὸ
458 3186 538 3275 ήθος
560 3198 609 3252 τοῦ
632 3187 769 3271 λέγοντος
784 3185 995 3274 ἐπιεικέστερον
1011 3186 1083 3253 εἶναι
1098 3188 1181 3273 δόξη.
1204 3188 1322 3251 δόναται

148 3296 181 3359 δὲ
204 3292 312 3370 αότοῐς4
336 3294 500 3361 εόνοιαν
536 3306 619 3360 τοῦτο
649 3290 755 3360 ποιεῖν·
794 3299 848 3360 καί
873 3295 933 3360 ἐστι
961 3301 1116 3381 κράτιστον
1148 3305 1201 3382 τής
1230 3315 1324 3358 κατα-

148 3383 274 3491 σκευης·
294 3401 392 3490 μέρος.
438 3406 526 3468 ταῦθ’
567 3401 626 3488 όρώ
649 3400 750 3489 Ιπάντα
791 3403 841 3467 διά
871 3414 920 3468 του
959 3408 1111 3488 προοιμίου
1153 3402 1237 3467 τοῦδε
1274 3424 1322 3483 γε·

57 3525 61 3530 ’
142 3516 257 3592 γονότα,
293 3515 345 3576 καί
360 3516 418 3598 μήν
434 3509 476 3585 ε’ίς
490 3534 523 3593 γε
539 3515 571 3575 τὸ
594 3506 788 3596 εόμαθεῖς
811 3513 898 3584 τοὺς
922 3510 1123 3595 ἀκροατάς
1147 3520 1322 3597 ποιησαι,

142 3615 295 3681 κελεόουσι
318 3617 536 3703 συστρέψαντας
558 3615 644 3681 εἰπεῖν
668 3622 701 3682 τό
723 3629 857 3704 πρᾶγμα,
886 3615 935 3682 ἵνα
957 3621 1000 3704 μή
1024 3616 1150 3699 ἀγνυώσι
1173 3620 1226 3703 τήν
1249 3612 1322 3680 όπό-

143 3726 226 3788 θεσιν
249 3721 276 3786 οί
299 3722 435 3789 δικασταί
465 3729 519 3788 καί
548 3722 596 3789 οἷά
626 3746 679 3808 περ
703 3722 740 3788 ἀν
762 3722 784 3807 ή
807 3728 843 3788 τά
867 3726 1012 3811 μέλλοντα
1035 3725 1186 3805 λέγεσθαι,
1210 3732 1322 3787 τοιοῦτο

143 3834 195 3894 καί
218 3834 250 3894 τὸ
274 3836 425 3917 προοίμιον
448 3828 643 3895 ὑποτίθεσθαι
666 3829 716 3895 ἀπ’
741 3829 851 3919 ἀρχῆς,
875 3833 927 3894 καί
950 3831 1055 3917 δεῖγμα
1078 3840 1127 3894 τοῦ
1150 3835 1324 3915 πράγματος

144 3943 345 4025 ποιουμένους,
383 3939 464 4023 [καί]
500 3934 592 4011 εόθός
625 3936 675 4001 ἀπ’
712 3935 945 4023 ἐνθυμημάτων,
963 3939 1126 4021 πειρᾶσθαι
1160 3936 1323 4023 ἄρχεσθαι.

145 4043 208 4131 ἔχει
230 4045 263 4107 δὲ
285 4048 337 4108 καί
360 4055 451 4108 ταῦτα
473 4048 506 4108 τὸ
529 4042 689 4130 προοίμιον.
724 4043 766 4107 ἐτι
789 4047 854 4128 περί
876 4055 930 4131 τής
951 4037 1159 4130 προσοχῆς
1181 4040 1240 4105 ώδέ
1261 4063 1329 4114 πως

144 4145 385 4237 τεχνολογοῦσιν·
422 4143 465 4215 ότι
487 4152 531 4215 δεῖ
564 4155 613 4215 τόν
647 4151 940 4235 προσεκτικοὺς
968 4143 1165 4237 μέλλοντα
1199 4158 1324 4230 ποιεῖν

145 4260 232 4331 τοὺς
255 4258 460 4342 ἀκροατάς
481 4261 534 4322 καί
565 4260 658 4339 λέγειν
688 4259 853 4344 θαυμαστά
874 4261 927 4321 καί
949 4257 1103 4340 παράδοξα
1130 4252 1183 4320 καί
1206 4247 1328 4335 δεῖσθαιἱ

145 4376 201 4430 τών
224 4365 369 4429 δικαστών
393 4363 527 4430 ἀκοῦσαι.
566 4367 697 4448 φαίνεται
719 4365 751 4427 δέ
775 4367 828 4428 καί
851 4373 942 4430 ταῦτα
964 4367 1134 4451 πεποιηκώς
1157 4360 1173 4429 ό
1196 4359 1321 4440 Λυσίας,
