3100 4809
647 630 691 713 (p.
706 630 884 695 ιτα-534
908 631 959 711 u).

310 754 402 831 Quae
428 776 454 821 e.
474 756 583 820 2-12
615 755 770 819 disseruit
795 756 972 840 Dionysius
1002 757 1072 840 ipse
1104 777 1132 823 c.
1160 761 1199 824 13
1222 781 1254 842 p.
1272 761 1334 825 481
1360 762 1390 824 Β

219 861 264 924 sic
289 862 557 944 comprehendii:
586 865 697 924 καὶτὰ
721 865 772 947 μὲν
796 865 861 945 περὶ
883 864 935 947 τήν
957 859 1112 948 ἑρμηνείαν
1135 863 1241 945 ἀγαθὰ
1264 874 1314 929 τοῦ
1337 862 1391 952 ῥή-

218 988 304 1049 τορος
326 976 431 1031 ταυτα·
465 970 767 1055 συγκεφαλαιώσομαι
790 972 847 1052 γὰρ
871 973 906 1031 τά
929 955 1074 1054 ῥηθέντα·
1104 973 1137 1033 τό
1159 973 1298 1056 καθαρὸν
1321 983 1391 1035 τῶν

219 1072 280 1136 όνο
286 1072 431 1159 μάτων,
462 1073 481 1160 ἡ
512 1073 646 1159 ἀκρίβεια
669 1086 723 1162 της
746 1075 910 1154 διαλέκτου,
935 1078 967 1138 τό
990 1075 1038 1139 διὰ
1061 1087 1116 1139 τών
1143 1082 1253 1161 κυρίων
1275 1082 1327 1142 καὶ
1350 1083 1391 1165 μή

220 1192 363 1264 τροπικῶν
385 1192 577 1244 κατασκευῶν
601 1180 731 1268 ἐκφέρειν
754 1185 791 1244 τά
814 1186 957 1268 νοήματα,
982 1178 1001 1267 ή
1024 1187 1176 1268 σαφήνεια,
1200 1181 1220 1271 ἡ
1243 1190 1391 1270 συντομία,

218 1290 251 1350 τό
274 1293 441 1375 συστρέφειν
464 1292 568 1357 τεκαὶ
592 1287 803 1372 στρογγυλίζειν
826 1293 862 1352 τὰ
884 1294 1027 1374 νοήματα,
1050 1291 1082 1351 τὸ
1098 1285 1154 1352 θπδ
1171 1294 1222 1361 τὰς
1238 1287 1394 1379 αἰσθήσεις

221 1393 299 1474 ἀγειν
323 1399 357 1457 τὰ
381 1396 557 1481 δηλοώμενα,
581 1393 614 1458 τὸ
638 1395 728 1479 μηδὲν
761 1393 877 1480 ἄψυχον
906 1390 1101 1458 ὑποτίθεσθαι
1131 1401 1286 1479 πρόσωπον
1317 1400 1393 1484 μηδὲ

222 1500 449 1589 ἀνηθοποίητον,
473 1500 492 1587 ἡ
516 1514 580 1589 της
604 1499 837 1573 συνθέσεως
860 1513 916 1565 τών
940 1499 1089 1586 ὀνομάτων
1113 1500 1204 1590 ήδονή
1227 1509 1392 1592 μιμουμένη

221 1612 268 1672 τὸν
299 1606 445 1696 ἰδιώτην*)
481 1613 512 1672 τό
547 1620 608 1681 τοῖς
639 1605 839 1693 ὑποκειμένοις
873 1613 1041 1693 προσώποις
1071 1612 1123 1671 καί
1153 1615 1304 1695 πράγμασι
1327 1614 1394 1685 τοὺς

168 1753 170 1757 -
220 1721 382 1800 πρέποντας
405 1714 592 1803 ἐφαρμόττειν
615 1718 731 1799 λόγους,
756 1713 775 1801 ή
799 1718 961 1803 πιθανότης
983 1712 1035 1778 καί
1058 1713 1077 1801 ή
1100 1721 1189 1801 χάρις
1203 1720 1254 1780 καί
1270 1715 1286 1781 ὁ
1302 1724 1395 1782 πάντα

221 1801 384 1909 μετρῶν**)
407 1828 520 1906 καιρός.
550 1833 641 1886 ταῦτα
665 1827 746 1905 παρὰ
770 1822 883 1885 Λυσίου
907 1825 1064 1907 λαμβάνων
1088 1822 1123 1886 ἀν
1146 1846 1189 1896 τις
1211 1821 1393 1913 ὠφεληθείη.

222 1927 322 2016 ώψηλη
347 1930 454 1992 δὲκαὶ
485 1932 711 2015 μεγαλοπρεπής
741 1925 796 1991 οὐκ
819 1927 934 2014 ’έστινή
968 1929 1081 1993 Λυσίου
1104 1930 1181 2002 λέξις
1203 1926 1271 1993 οίνδέ
1298 1954 1395 1996 κατα-

222 2038 369 2122 πληκτική
401 2042 443 2121 μά
466 2035 523 2099 Λία
553 2039 606 2099 καί
637 2039 801 2121 θαυμαστή
831 2033 899 2099 οίνδὲ
928 2041 960 2100 τὸ
984 2040 1085 2120 πικρόν
1108 2034 1127 2122 ἢ
1152 2041 1184 2099 τὸ
1207 2036 1297 2102 δεινόν
1319 2037 1338 2124 ἢ
1362 2044 1395 2103 τό

223 2146 347 2231 φοβερόν
370 2142 558 2230 ἐπιφαίνουσα
582 2139 649 2206 οόδέ
672 2141 752 2229 ἁφὰς
776 2142 838 2227 ἔχει
861 2146 913 2205 καί
936 2148 1036 2215 τόνους
1057 2140 1198 2228 ἰσχυροὺς
1214 2140 1282 2207 οθδὲ
1297 2149 1396 2232 θυμου

222 2253 274 2313 καί
297 2254 460 2335 πνεόματός
483 2248 542 2312 ἐστι
565 2246 671 2336 μεστή·
696 2247 777 2326 oon,
801 2247 899 2333 ώσπερ
924 2248 953 2312 ἐν
978 2260 1038 2322 τοῖς
1061 2248 1164 2337 ἤθεσίν
1193 2247 1251 2314 ἐστι
1273 2254 1395 2339 πιθανή,

223 2354 316 2429 οδτως
338 2355 367 2420 ἐν
390 2367 450 2429 τοῖς
472 2360 596 2420 πάθεσιν
617 2352 726 2442 ίσχυρόι
748 2352 809 2419 οὔδ’
835 2353 875 2427 ώς
899 2354 1002 2442 ἡδῦναι
1024 2360 1076 2420 καί
1098 2367 1194 2421 πεῖσαι
1209 2362 1261 2421 καί
1277 2382 1396 2445 χαριεν-

220 2466 359 2528 τίσασθαι
388 2465 506 2528 δόναται
536 2465 655 2549 (δυνατή
681 2465 800 2547 Syn),
827 2460 903 2526 diuo
926 2463 1097 2545 βιάσασθαί
1115 2487 1145 2527 τε
1168 2468 1220 2527 καί
1242 2479 1397 2549 παραναγ-

220 2576 329 2634 κάσαι·
354 2570 495 2658 ἀσφαλής
517 2595 547 2633 τε
570 2568 685 2655 μᾶλλόν
708 2567 781 2633 ἐστιν
804 2568 823 2655 ἢ
847 2570 1180 2658 παρακεκινδυνευμένη,
1204 2576 1255 2636 καί
1278 2569 1333 2636 oon
1349 2570 1397 2635 ἐπὶ

221 2689 356 2742 τοσοῦτον
384 2676 469 2764 ίσχόν
500 2675 588 2763 ίκανή
620 2678 754 2764 δηλῶσαι
784 2675 907 2763 τέχνης,
940 2675 986 2763 ἐφ’
1019 2676 1088 2741 δσον
1112 2677 1258 2765 ἀλήθειαν
1281 2676 1397 2743 εἰκάσαι

222 2790 346 2872 φόσεως.
386 2787 478 2851 Haec
503 2787 543 2849 do
570 2787 678 2850 verbis
703 2786 865 2866 eligendis
889 2789 921 2850 ei
946 2789 1185 2870 componendis
1211 2790 1244 2852 εί
1267 2788 1308 2851 de
1331 2787 1396 2850 vir-

222 2895 349 2959 tutibus
367 2894 528 2958 oratoriis,
568 2894 653 2971 Quid
671 2895 711 2957 de
728 2903 922 2977 πραγματικῷ
938 2904 1108 2979 χαρακτῆρι
1123 2895 1241 2978 Lysiae
1264 2894 1395 2973 iudioei,

223 3002 411 3065 summatim
437 3002 559 3083 repeiii
583 3021 608 3064 o.
630 3003 670 3065 15
694 3023 725 3083 p.
745 3002 825 3065 487:
851 2997 885 3062 ἐκ
908 2999 941 3061 δὲ
957 3002 1063 3063 τοότων
1077 2997 1321 3086 παρακελεύομαι
1337 3009 1397 3071 τοῖς

223 3106 467 3189 ἀναγινώσκουσιν
491 3103 588 3188 αὐτόν,
614 3109 665 3191 τήν
688 3109 740 3190 μὲν
771 3102 922 3189 εὕρεσιν
954 3117 1009 3168 τών
1033 3103 1250 3193 ἐνθυμημάτων
1272 3109 1324 3170 καί
1346 3110 1397 3192 τήν

222 3211 369 3296 σύγκρισιν
393 3213 589 3299 [legendum
613 3216 693 3297 puio
717 3212 820 3295 κρίσιν,
845 3235 873 3278 ν.
900 3236 930 3297 ρ.
948 3215 984 3297 9]
1009 3215 1130 3299 ζηλοῦν·
1156 3218 1207 3300 τήν
1230 3214 1262 3276 δὲ
1284 3212 1397 3285 τάξιν

222 3323 349 3406 κοίτην
372 3318 557 3405 ἐγρασίαν
582 3319 677 3404 [alibi
702 3316 880 3402 έξεγρασίαν,
906 3323 994 3402 quod
1011 3322 1242 3404 reponendum
1260 3326 1395 3399 censeo]

223 3431 317 3491 αότών
340 3424 522 3509 ἐνδεεστέραν
546 3424 636 3490 οὖσαν
660 3435 710 3488 τοό
733 3431 943 3509 προσήκοντος,
969 3429 1010 3511 μή
1035 3424 1094 3488 ἀπὸ
1117 3426 1200 3488 τοόδε
1215 3435 1264 3489 τοῦ
1281 3424 1395 3510 ἀνδρός,

224 3533 303 3597 ἀλλά
325 3544 394 3618 παρ’
420 3531 535 3618 ἑτέρων,
558 3532 587 3595 οἳ
608 3537 756 3616 κρείττους
788 3528 1050 3618 οίκονομησαι
1081 3537 1116 3595 τὰ
1146 3528 1305 3616 εὑρεθέντα
1337 3530 1397 3595 ἐέ-
1458 3615 1460 3620 Ι

222 3662 313 3722 νοντο,
336 3643 399 3724 περὶ
424 3638 463 3704 ών
485 3637 605 3724 ώστερον
629 3638 697 3723 έρώ,
723 3648 807 3702 τουτο
832 3642 863 3701 τό
887 3649 1031 3724 στοιχεῖον
1054 3639 1223 3724 λαμβάνειν,

312 3749 360 3813 De
384 3749 481 3832 Lysia
517 3749 674 3812 iudicium
710 3748 809 3830 quale
846 3747 998 3829 exposuit
1032 3747 1093 3809 sibi
1128 3747 1239 3829 ipsum
1262 3745 1397 3809 finxisse

225 3858 367 3919 ίεοίαίυι
391 3875 417 3919 c.
436 3858 478 3920 20
495 3877 528 3938 p.
547 3856 611 3920 496
625 3856 671 3919 R:
696 3850 835 3924 Τοιοῦτος
851 3856 903 3936 μὲν
919 3851 956 3937 δή
973 3849 1047 3914 ἐστιν
1064 3849 1080 3916 ὁ
1096 3850 1210 3915 Λυσίου
1227 3857 1397 3937 χαρακτήρ,

135 3946 138 3950 ’
224 3958 266 4034 ώς
289 3958 346 4041 ἐγώ
363 3957 451 4046 δόξης
473 3961 536 4047 έχω
560 3965 623 4044 περί
647 3956 744 4023 αὺτοῦ.
791 3956 815 4021 εί
839 3958 872 4020 δέ
894 3981 937 4030 τις
959 3957 1040 4022 ἀλλα
1062 3962 1142 4042 παρά
1166 3968 1256 4021 ταυτα
1279 3958 1397 4039 ἔγνωκε,

224 4069 349 4149 λεγέτω·
372 4065 429 4129 κάν
452 4066 472 4150 η
495 4071 693 4151 πιθανώτερα,
717 4067 832 4151 πολλήν
857 4061 935 4148 αὐτῷ
959 4069 1046 4150 χάριν
1071 4061 1194 4148 ε’ίσομαι.

315 4210 340 4279 *λ
358 4212 386 4265 in
405 4211 602 4280 compositione
621 4209 740 4264 maxime
758 4212 800 4261 esi
819 4208 935 4261 oratoris
954 4225 1007 4260 ars.

314 4299 354 4367 **)
374 4301 452 4353 codd.
473 4299 486 4351 ὁ
506 4303 570 4368 μετὰ
589 4297 686 4351 πάντων
711 4298 811 4367 καιρός,
831 4296 976 4365 quodnisi
996 4296 1168 4350 retinendum
1195 4301 1246 4360 est,
1271 4296 1363 4351 malim
1383 4297 1397 4350 ό

224 4387 275 4442 ἐπὶ
293 4389 388 4442 πάντων
405 4390 501 4459 καιρός.

1206 4474 1240 4529 6*
