3100 4809
642 229 860 291 ..82-

162 408 335 490 receperit,
359 428 478 492 parum
504 407 629 481 elucei;
653 408 728 489 plus
746 426 846 488 quam
863 405 1057 490 Dionysium
1075 426 1152 470 eum
1168 407 1335 489 recepisse

161 515 335 579 verisimile
360 518 420 594 est,
445 514 533 596 quod
558 513 762 576 Dinarchum
785 513 818 575 in
836 514 1013 577 atticorum
1037 534 1176 577 numero
1201 512 1336 576 exhibet

162 622 216 702 (cf.
234 621 380 685 Brzoska
404 644 436 705 p.
464 621 527 701 17).
574 621 682 686 Etiam
705 620 820 683 Cicero
845 640 1010 684 canonem
1034 621 1182 685 indicare
1206 620 1337 683 videtur

161 731 202 793 de
219 730 285 812 opt.
304 749 378 808 gen.
396 749 441 792 or.
460 727 478 809 ἓ
498 730 555 792 13:
581 727 639 806 ,Ex
656 746 722 809 quo
739 727 940 807 intellegitur
957 729 1113 810 quoniam
1132 728 1336 791 Graecorum

163 839 332 899 oratorum
358 835 636 919 praestantissimi
660 834 781 914 sintii,
806 837 862 917 qui
889 836 1025 899 fuerunt
1041 836 1195 904 Athenis.
1221 854 1336 910 eorum

161 945 273 1006 autem
290 943 446 1025 princeps
462 942 558 1006 facile
575 941 830 1014 Demosthenes,
854 941 944 1004 hunc
961 942 989 1004 si
1013 944 1069 1023 qui
1085 943 1241 1021 imitetur,
1260 962 1335 1004 eum

161 1051 194 1113 et
222 1049 321 1113 attice
346 1049 512 1113 dicturum
542 1051 573 1112 et
608 1050 741 1131 optime,
774 1051 820 1122 ut,
853 1049 1055 1130 quoniam
1087 1049 1211 1113 attici
1247 1069 1336 1130 pro·

160 1156 293 1238 positi
328 1157 427 1220 sunt
463 1156 513 1219 ad
536 1155 809 1237 imitandum,
843 1156 928 1219 bene
958 1157 1067 1220 dicere
1100 1155 1132 1218 id
1163 1155 1206 1219 sit
1236 1156 1335 1219 attice

159 1263 290 1327 dicere.‘

250 1370 463 1454 Superiorum
489 1373 530 1436 de
555 1372 701 1453 antiquis
732 1372 948 1454 scriptoribus
982 1372 1092 1436 studia
1122 1373 1275 1453 pervarvi
1299 1392 1335 1435 se

161 1479 270 1542 iacere
295 1480 328 1541 in
352 1479 463 1543 fronte
487 1479 587 1543 libelii
612 1479 790 1562 Dionysius
814 1480 939 1543 indicat
963 1483 1006 1561 (p.
1031 1482 1095 1543 450
1120 1479 1183 1563 [ζμ
1215 1480 1336 1563 θεωρή-

159 1605 238 1670 ματα
270 1588 322 1646 καὶ
354 1584 504 1665 ἀναγκαῖα
535 1594 596 1657 τοῖς
627 1583 769 1648 ἀκοάοοσι
793 1586 918 1667 (malim
943 1606 1018 1649 cum
1043 1586 1178 1649 Reiskio
1201 1582 1334 1668 ἀσκοῦσι,

161 1697 196 1758 ut
219 1694 355 1777 saepius
380 1693 470 1774 alibi)
501 1697 552 1778 τὴν
583 1694 732 1777 πολιτικὴν
763 1694 937 1778 φιλοσοφίαν
966 1694 1019 1755 καὶ
1041 1688 1109 1754 οὐδὲ
1132 1713 1188 1754 roo
1211 1695 1255 1777 μά
1278 1688 1335 1753 Δία

157 1804 241 1864 κοινά
264 1796 331 1863 οὐδὲ
354 1799 611 1886 καθημαξεομὲνα
634 1810 694 1871 τοῖς
716 1804 867 1883 πρότερον.
901 1797 958 1879 ἐγὼ
982 1809 1050 1879 γοῦν
1073 1795 1194 1884 οὐδεμιᾷ
1218 1801 1335 1881 seruiit-p

158 1912 319 1994 περιτυχὼν
348 1904 415 1970 οἶδα
442 1917 543 1993 γραφῇ
573 1908 686 1993 πολλὴν
716 1910 833 1993 ζήτησιν
857 1902 950 1969 αὐτῶν
974 1911 1180 1992 ποιησάμενος.
1227 1909 1261 1968 οῖ)
1284 1909 1336 1990 μὲν

158 2016 196 2101 δὴ
219 2016 442 2099 διαβεβαιοῦμαί
463 2037 496 2094 γε
519 2011 561 2087 ὡς
584 2014 621 2100 δὴ
644 2009 695 2077 καὶ
718 2024 823 2101 σαφῶς
846 2010 941 2086 εἰδώς.
965 2012 1046 2099 τάχα
1069 2018 1126 2096 γάρ
1142 2011 1177 2074 ἂν
1193 2009 1248 2075 εἶὲν
1263 2034 1337 2083 τινες

158 2120 188 2185 αἱ
211 2120 264 2209 ἐμὲ
286 2122 538 2185 διαλανθάνουσαι
568 2131 696 2184 τοιαῦται
727 2126 848 2208 γραφαί.
896 2123 939 2186 Se
963 2142 1071 2205 paene
1095 2141 1237 2185 vacuam
1261 2139 1336 2202 pro-

160 2231 303 2295 vinciam
327 2231 481 2295 sortitum
513 2251 586 2294 esse
610 2230 789 2314 Dionysius
821 2250 923 2312 supra
949 2250 1081 2312 quoque
1105 2230 1146 2291 de
1172 2226 1333 2309 composi·

159 2339 256 2402 tionis
282 2338 475 2401 auctoribus
504 2337 678 2420 disputans
704 2337 932 2400 affirmaverat
956 2331 1056 2413 (αὐτὸς
1073 2332 1118 2396 ἐπ’
1136 2331 1264 2418 ἐμαυτοῦ
1286 2355 1336 2414 γε·

158 2446 300 2528 νόμενος),
333 2465 558 2527 quamquam‚
590 2445 619 2507 si
641 2461 750 2528 pauca
775 2444 932 2526 excipias,
964 2444 1174 2526 superiorum
1198 2443 1336 2523 vestigia

162 2572 239 2615 eum
273 2553 437 2635 pressisse
472 2552 654 2630 docuimus,
690 2555 727 2615 ut
751 2552 828 2614 inde
861 2551 1035 2634 paululum
1061 2551 1257 2633 suspicionis
1282 2551 1334 2613 hic

159 2678 292 2741 quoque
317 2662 501 2723 moveatur.
549 2659 638 2723 Sane
675 2660 703 2723 ei
740 2659 1016 2737 condonabimus,
1052 2659 1079 2721 si
1105 2677 1209 2721 unum
1233 2658 1332 2721 alter-

159 2785 258 2829 umve
292 2766 414 2829 librum
448 2765 510 2828 sibi
543 2785 664 2847 parare
701 2786 767 2829 non
793 2768 943 2847 poterat,
980 2766 1040 2829 sed
1068 2765 1094 2827 si
1120 2766 1153 2827 in
1179 2765 1225 2827 eis
1251 2764 1331 2847 ipsis

158 2872 248 2935 libris
285 2892 369 2955 quos
404 2873 498 2936 affert
536 2875 595 2936 aut
628 2893 711 2955 quos
747 2873 842 2937 fa'eiie
879 2892 1060 2953 congerere
1090 2873 1218 2954 potuit,
1257 2890 1335 2951 gra·

160 2979 316 3043 vissimae
353 2998 469 3043 earum
505 2999 616 3043 rerum
652 2979 844 3061 disputatae
880 2982 984 3043 erant.
1018 2979 1156 3042 nimium
1180 2977 1332 3060 spiritum

163 3086 224 3148 sibi
249 3086 432 3169 sumpsisse
456 3085 791 3150 Halicarnassensem
815 3087 997 3153 dicemus„

251 3210 409 3275 Omnium
433 3211 502 3274 fere
527 3213 697 3274 oratorum
722 3211 820 3274 crisin
845 3212 974 3275 factitat
992 3211 1169 3294 Dionysius
1194 3211 1237 3274 ad
1254 3229 1334 3273 ean-

161 3318 237 3381 dem
271 3317 439 3381 iudicandi
473 3317 615 3381 formam
650 3317 702 3382 vel
737 3318 898 3395 tabulam,
933 3319 964 3381 id
1000 3320 1050 3382 est
1082 3318 1123 3382 ad
1153 3319 1334 3401 praecepta
1420 3363 1424 3372 .

160 3424 327 3488 rhetorica
351 3427 567 3508 (πραγματικὸν
588 3421 686 3507 τόπον,
719 3420 838 3509 εἷ’)μεσιν,
870 3421 1054 3509 οἷκονομίανς
1078 3424 1213 3487 λεκτικὸν
1237 3427 1333 3504 τόπον,

159 3527 286 3616 ἐκλογὴν
314 3527 479 3615 ὀνομάτων,
508 3533 652 3612 σάνθεσιν,
685 3529 794 3615 ἀρετὰς
822 3543 876 3618 τῆς
904 3532 1012 3604 λέξεως
1036 3534 1121 3613 etc),
1155 3532 1276 3614 quibus
1300 3530 1333 3592 in

159 3639 268 3720 priore
293 3642 389 3721 parte
414 3640 534 3704 barum
558 3640 792 3722 quaestionum
818 3641 1002 3724 explanatis
1027 3660 1209 3723 eorumque
1234 3638 1334 3703 fonti-

160 3744 223 3807 bus
248 3745 387 3810 detectis
411 3746 477 3811 iam
502 3747 608 3827 magis
634 3748 787 3811 distincte
804 3747 1113 3811 Halicarnassensis
1138 3747 1334 3810 iudiciorum

159 3851 244 3914 ratio
279 3854 379 3934 atque
416 3854 596 3918 auctoritas
632 3855 859 3937 perspicietur.
907 3854 978 3919 Hac
1017 3854 1200 3937 posteriore
1238 3855 1333 3936 parte

159 3958 289 4021 omissis
320 3960 493 4024 rhetoricis
523 3962 818 4043 praeceptionibus
858 3962 1047 4042 omissaque
1082 3962 1138 4025 illa
1169 3959 1335 4025 iudicandi

159 4064 274 4128 tabula
303 4087 428 4148 ponam
461 4088 563 4150 quam
593 4067 665 4150 ipse
695 4068 729 4130 in
763 4069 902 4149 singuiis
927 4069 1115 4134 oratoribus
1144 4069 1226 4132 dare
1250 4066 1335 4130 solet

160 4189 325 4234 summam
350 4173 459 4236 iudicii
484 4174 659 4256 fontesque
685 4175 889 4256 quaeram.*)

162 4301 372 4315 *ᾕ-

166 4415 172 4431 ,
249 4362 273 4430 *t
291 4363 318 4417 in
337 4365 497 4420 universum
522 4367 555 4420 ef.
574 4367 617 4419 Fr.
639 4368 771 4422 Blassii
789 4369 889 4424 librum
908 4371 1042 4439 ,Attiscbe
1062 4368 1280 4425 Beredsamkeit.‘
