3100 4809
684 244 724 256 -
771 209 815 275 Q
862 243 903 257 -

199 386 234 461 ὃς
256 389 309 451 καὶ
330 386 500 469 συνεβίωσεν
522 383 683 471 Ἰσοκράτει
705 391 757 451 καὶ
779 394 975 473 γνησιώτατος
1003 388 1153 476 ἀκουστὴς
1185 388 1295 472 ἐγένετο
1323 394 1376 454 καὶ

197 500 269 581 τὴν
293 493 509 575 ἀπολογίαν
531 498 584 580 τὴν
607 500 681 557 πάνυ
705 497 884 581 θαυμαστὴν
908 493 944 559 ἐν
973 507 1059 569 ταῖς
1088 501 1184 581 πρὸς
1207 495 1376 582 Ἀριστο-

200 604 290 689 τέλη
321 600 583 688 ἀντιγραφαῖς
613 599 781 688 ἐποιήσατο,
814 600 937 667 πιστεύω
967 607 1136 691 γεγράφθαι
1164 606 1273 686 λόγους
1299 605 1377 680 τινάς

199 705 256 773 ὑπὸ
280 718 330 773 τοῦ
354 706 460 793 ἀνδρὸς
482 704 523 780 εἰς
546 709 732 796 δικαστήρια,
755 706 790 773 οὔ
813 714 910 794 μέντοι
932 712 1070 782 πολλοὺς.

292 852 365 929 Quo
390 853 462 917 loeo
488 853 683 916 Aristoteles
708 855 749 918 de
767 855 974 918 orationihus
997 855 1206 919 iudicialibus
1221 858 1376 921 Isocratis

201 962 305 1024 verba
335 961 459 1035 feeerit,
490 982 557 1025 non
583 963 663 1027 satis
689 961 876 1044 apparet*);
906 962 981 1045 plus
1013 963 1146 1027 deciens
1178 964 1311 1046 quidem
1343 965 1375 1027 in

202 1070 274 1131 arte
291 1068 457 1132 rhetorica
474 1070 615 1133 oratoris
633 1069 834 1133 mentionem
853 1069 930 1132 facit
947 1072 980 1132 et
1004 1070 1192 1153 exemplum
1209 1091 1377 1135 commen·

202 1176 270 1249 dat,
295 1176 353 1238 sed
371 1174 450 1238 nihil
468 1176 508 1239 (le
526 1176 586 1239 illis
603 1177 839 1240 voluminibus.
874 1175 885 1237 l
910 1196 936 1240 ο.
962 1178 982 1241 9
1007 1181 1052 1259 (p.
1072 1178 1224 1257 lassat:
1251 1174 1317 1239 Κάν
1333 1180 1375 1262 μὴ

200 1282 274 1344 καθ’
300 1277 386 1344 αυτὸν
403 1275 538 1365 εάπορης,
562 1285 636 1365 πρὸς
652 1281 764 1354 άλλους
780 1280 1052 1366 ἀντιπαραβάλλειν,
1078 1279 1149 1366 ὅπερ
1173 1279 1376 1370 ὁἸσοκράτης
1398 1279 1417 1338 ⁴,
1482 1339 1488 1349 .

202 1386 296 1450 ἐποίει
328 1386 390 1451 διὰ
431 1392 501 1474 τὴν
541 1388 792 1476 ἀσυνήθειαν
824 1399 886 1453 που
923 1390 1156 1470 δικολογεῐν.
1202 1392 1246 1456 111
1283 1412 1309 1456 ο.
1335 1394 1374 1457 17

184 1503 247 1580 ’(ρ.
274 1498 357 1561 1418
387 1500 435 1578 al:
474 1496 518 1558 δεῖ
549 1493 599 1560 οὖν
630 1495 796 1580 ἀποροῦντι
825 1507 908 1560 τοῦτο
937 1507 1024 1559 ποιεῖν
1055 1495 1126 1580 ὅπερ
1158 1494 1183 1560 οἵ
1224 1495 1373 1584 Ἀθήνησι

202 1599 323 1689 ῥήτορες
365 1612 479 1667 ποιουσι
510 1605 562 1666 καί
596 1600 786 1689 Ἰσοκράτης·
817 1607 868 1667 καί
890 1609 948 1687 γάρ
975 1606 1181 1690 συρβουλεὺων
1210 1615 1375 1690 κατηγορεῖ,

203 1707 262 1773 οἷον
296 1707 538 1796 Λακεδαιμονίων
577 1715 628 1795 μὲν
663 1710 693 1774 ἐν
728 1722 767 1794 τῷ
798 1722 1001 1797 πανηγυρικῷ,
1036 1709 1177 1797 Χάρητος
1210 1712 1235 1772 δ’
1273 1709 1302 1773 ἐν
1337 1722 1376 1794 τῷ

202 1828 394 1903 συμμαχικῷ.
419 1817 449 1880 ἐν
472 1817 505 1880 δὲ
521 1827 581 1891 τοῖς
604 1815 808 1890 ἐπιδεικτικοῖς
823 1817 867 1880 δεῖ
882 1821 930 1881 τὸν
946 1816 1033 1898 λόγον
1049 1816 1223 1882 ἐπεισοδιουν
1239 1815 1375 1897 ἐπαίνοις,

202 1919 261 1987 οἷον
285 1921 459 2011 Ἰσοκράτης
473 1934 564 1987 ποιεῖ·
595 1923 640 1988 ἀεὶ
655 1929 712 2008 γάρ
737 1947 798 1987 τινα
823 1921 940 2005 εἰσάγει.
960 1973 990 1989 ..
1015 1927 1057 1993 ih.
1074 1948 1106 2010 p.
1127 1929 1211 1991 1418
1229 1933 1264 1990 b:
1289 1921 1330 1998 εἰς
1346 1925 1377 1987 δὲ

202 2033 234 2093 τ“ο
259 2028 349 2117 ἦθος,
374 2029 473 2117 ἐπειδὴ
496 2033 558 2096 ἔνια
580 2034 647 2116 περί
676 2027 766 2095 αὑτοῖν
793 2032 886 2112 λέγειν
909 2029 929 2116 ἢ
954 2030 1111 2117 ἐπίφθονον
1134 2029 1153 2117 ἢ
1178 2034 1377 2117 μακρολογίαν

201 2134 221 2221 ἢ
246 2136 408 2219 ἀναλογίαν
440 2138 518 2224 ἔχει,
550 2142 602 2202 καὶ
625 2141 691 2223 περὶ
714 2138 808 2202 ἄλλου
832 2136 851 2224 ἢ
875 2135 1023 2222 λοιδορίαν
1046 2137 1065 2224 ἢ
1090 2136 1250 2223 ἀγροικίαν,
1280 2137 1376 2222 ἕτερον

201 2248 263 2331 χρὴ
285 2247 408 2326 λέγοντα
438 2256 545 2329 ποιεῖν,
576 2243 647 2329 ὅπερ
677 2243 851 2332 Ἰσοκράτης
882 2254 955 2307 ποιεῖ
979 2243 1008 2307 ἐν
1031 2258 1070 2328 τη)
1102 2244 1241 2329 Φιλίππῳ
1271 2250 1323 2309 καὶ
1346 2244 1376 2309 ἐν
1453 2272 1455 2277 ·

202 2361 238 2436 τῇ
273 2349 422 2418 ἀντιδάσει,
480 2352 660 2418 Praeterea
697 2354 831 2436 saepius
867 2354 1022 2418 Isocratis
1058 2356 1160 2419 verba
1194 2355 1376 2419 laudantur

201 2460 244 2543 (ΙΙ
267 2480 295 2525 e.
322 2463 373 2534 19,
399 2481 425 2525 c,
451 2463 503 2540 23,
527 2461 573 2525 ΙΙΙ
596 2481 622 2525 o.
651 2462 701 2533 14,
727 2481 753 2529 ο.
781 2463 810 2538 9,
837 2482 863 2529 c.
889 2464 939 2539 10,
965 2482 991 2525 e.
1012 2462 1075 2541 11).
1114 2461 1197 2526 Illud
1221 2458 1375 2545 ῥυπαίνειν,

203 2568 292 2650 quod
328 2567 506 2650 Dionysius
541 2567 710 2633 Aristoteli
747 2570 941 2652 opprobrat,
978 2590 1017 2632 ex
1052 2569 1131 2632 loeis
1166 2570 1274 2634 allatis
1308 2591 1374 2633 non

203 2674 323 2742 elucet.
372 2675 420 2738 De
459 2675 653 2758 Aphareo
684 2676 756 2759 ipso
779 2697 809 2742 v,
835 2675 947 2758 (Plnt.)
972 2678 1027 2741 vit.
1052 2682 1078 2740 Χ
1102 2680 1185 2742 orat.
1216 2677 1378 2760 passe

204 2783 236 2845 et
259 2780 382 2844 Blals
407 2778 474 2846 Att.
500 2784 631 2846 Bereds.
657 2783 685 2846 Il
709 2805 740 2866 p.
767 2784 809 2848 64
834 2804 904 2866 sqq.

293 2908 341 2972 De
372 2908 684 2991 CephisodorO,
718 2909 830 2972 critico
859 2908 1004 2973 melioris
1035 2911 1145 2983 notae,
1177 2909 1273 2992 plura
1302 2909 1377 2973 Dio-

203 3016 317 3098 nysius
342 3016 412 3097 ipse
437 3015 535 3079 tradit
558 3037 589 3098 p.
615 3017 679 3080 626
704 3016 745 3088 R,
769 3037 801 3098 p.
821 3017 894 3094 722,
918 3037 949 3098 p.
977 3017 1050 3092 757,
1083 3036 1112 3079 v.
1139 3016 1239 3079 etiam
1262 3015 1377 3080 Mtiller

203 3123 319 3201 fragm
345 3123 421 3187 hist.
450 3143 496 3204 gr.
518 3123 546 3185 ll
565 3144 597 3206 p.
619 3124 671 3188 85.
694 3121 773 3185 Tria
801 3122 842 3184 de
869 3122 1011 3186 Isocrate
1036 3122 1229 3186 iudiciorum
1254 3143 1378 3204 genera

203 3231 378 3313 Dionysius
404 3251 424 3294 a
448 3230 676 3312 superioribus
693 3228 864 3311 accepisse
891 3230 923 3292 et
946 3231 1106 3310 quantum
1133 3229 1163 3293 ei
1178 3231 1377 3313 probaretur

200 3338 234 3401 in
260 3358 357 3401 usum
383 3357 481 3401 snum
506 3336 708 3401 convertisse
741 3335 882 3414 videtur,
915 3336 1060 3418 primum
1083 3336 1288 3419 Hieronymi,
1322 3339 1378 3419 qui

202 3443 369 3510 Ciceronis
400 3444 589 3509 testimonio
622 3443 783 3507 malitiose
816 3463 885 3507 rem
919 3444 1084 3518 tractavit,
1120 3446 1153 3508 et
1182 3444 1376 3524 Aristotelis

203 3572 302 3634 quem
327 3552 502 3635 Dionysius
527 3550 694 3615 maculam
718 3550 857 3614 Isocrati
885 3570 1061 3633 aspergere
1095 3551 1236 3615 voluisse
1268 3552 1378 3631 tradit,

204 3658 344 3723 alterum
369 3658 525 3740 Apharei,
550 3658 605 3740 qni
638 3657 739 3722 nimio
771 3657 877 3740 patris
911 3658 1021 3721 studio
1054 3658 1144 3722 omni
1176 3658 1274 3722 lande
1307 3659 1377 3723 eius

203 3767 371 3830 orationes
390 3765 550 3829 excellere
568 3764 680 3844 voluit,
698 3764 808 3828 minus
826 3765 991 3847 periectas
1009 3765 1219 3842 abiudicavit,
1243 3766 1377 3831 tertium

202 3873 345 3955 denique
369 3871 542 3955 Philonici,
566 3871 785 3956 Cephisodori
810 3892 992 3954 eorumque
1015 3871 1171 3949 fortasse,
1195 3892 1279 3954 quos
1303 3873 1379 3937 Dio·

203 3982 318 4063 nysius
344 4000 411 4043 non
436 3980 597 4050 nominat,
629 3978 685 4060 qni
710 3978 849 4042 virtutes
874 3979 1031 4043 orationis
1055 3978 1250 4062 laudabant,
1282 3983 1379 4045 nota·

203 4089 286 4152 hant
309 4087 397 4152 vitia.

291 4282 316 4348 *l
334 4282 410 4336 haud
428 4281 485 4335 scio
511 4297 547 4334 an
565 4286 638 4335 recte
658 4280 755 4334 Hose
781 4279 834 4349 (ed.
859 4281 973 4336 Aristot.
993 4282 1070 4334 acad.
1090 4299 1116 4351 p.
1143 4282 1212 4337 1500
1231 4285 1283 4352 sq.)
1308 4284 1379 4340 inter

202 4373 357 4442 fragmenta
375 4376 467 4442 τεχνῶν
485 4376 635 4441 συναγωγῆς
654 4369 762 4425 referat.
