3100 4809
699 239 918 305 ..71-

219 421 351 485 servata
373 419 449 496 sint,
473 419 573 483 fidem
597 438 664 483 non
682 419 793 502 potest
809 419 938 484 faeere:
963 419 1014 482 sin
1038 420 1206 496 antiteta,
1233 439 1273 484 eo
1290 419 1395 500 magis

220 527 282 592 erit
298 528 539 592 conservanda.
568 528 615 590 no
632 527 669 589 iis
686 526 787 589 rebus
805 528 901 590 caute
919 527 1166 608 confligendum
1184 530 1243 605 est,
1270 527 1393 609 quibus

218 635 252 698 in
276 635 378 698 rebus
394 633 530 698 tabulae
556 635 613 697 ant
630 632 769 695 alicuius
793 633 890 697 firma
908 634 1089 698 auctoritas
1107 633 1272 697 videbitur
1295 634 1395 697 inter·

218 741 332 808 fuisse.
378 741 656 823 Adhuequao
681 740 925 803 dictasunt
955 740 1394 804 arbitrormihi‘con·

219 850 335 913 stare
359 868 449 912 cum
474 848 637 912 ceteris
662 846 770 911 artis
795 846 1112 929 scriptoribus‘

547 975 577 1037 3.
604 973 882 1053 Argumenta,
907 967 1065 1043 πίστεις.

308 1080 514 1161 Argumenta
538 1099 606 1143 non
630 1079 809 1143 inserenda
834 1099 907 1143 esse
932 1078 1127 1156 narrationi,
1152 1078 1211 1143 sed
1235 1099 1296 1143 suo
1316 1079 1389 1143 ioco

218 1187 436 1264 reservanda,
468 1187 563 1252 docet
596 1187 637 1251 de
669 1187 774 1251 Isaeo
796 1188 862 1251 iud.
888 1207 915 1251 e.
942 1186 983 1251 14
1006 1208 1038 1268 p.
1064 1187 1126 1251 611
1154 1187 1199 1261 R3
1224 1205 1312 1267 quae
1336 1207 1390 1251 se·

218 1277 365 1377 (suuntur
389 1315 523 1378 quoque
548 1301 590 1373 (o.
617 1294 669 1374 18)
695 1315 817 1375 magna
841 1315 881 1358 ex
905 1295 1000 1377 parte
1025 1294 1091 1358 hue
1115 1294 1293 1377 pertinent.
1342 1294 1389 1359 De

217 1401 290 1485 Lys.
317 1401 383 1465 iud.
409 1421 435 1466 ο.
462 1403 502 1466 18
526 1403 582 1468 fin.
608 1404 640 1466 et
664 1422 691 1466 e.
720 1404 777 1466 19:
799 1398 851 1462 Ἐν
875 1400 907 1463 δέ
931 1411 970 1483 τῷ
993 1402 1236 1463 πιστοῦσθαι
1257 1404 1294 1463 τά
1317 1404 1394 1483 πρά-

215 1528 313 1591 γματα
337 1512 465 1580 τοιοῦτός
488 1530 531 1581 τις
553 1504 569 1571 ό
593 1505 668 1591 ἀνήρ
693 1504 775 1570 ἐστιν.
800 1508 840 1592 (e.
868 1510 921 1593 19)
943 1503 1092 1592 Ἀρξομαι
1115 1507 1147 1570 δὲ
1171 1506 1229 1571 ἀπὸ
1253 1518 1308 1570 των
1330 1528 1394 1570 κα-

215 1616 418 1699 λουμένων
449 1612 640 1700 ἐντέχνων
671 1618 835 1677 πίστεων
865 1619 930 1677 καί
952 1617 1075 1700 χωρίς
1097 1610 1190 1697 ι’)πέρ
1215 1611 1391 1676 ἑκάστου

216 1726 363 1808 μέρους
386 1722 403 1784 δ
411 1721 636 1806 ιαλέξομαι.
674 1732 761 1807 τριχῇ
794 1722 827 1784 δὲ
857 1726 1055 1808 νενεμημένων
1079 1717 1195 1802 τοότων,
1228 1717 1270 1793 εἴς
1299 1742 1329 1783 τε
1360 1724 1393 1784 τὸ

216 1840 379 1914 πρᾶγμα
402 1831 509 1892 καὶτὸ
532 1830 665 1900 πάθος
688 1831 795 1891 καὶτὸ
818 1826 934 1913 ἦθος,

304 1939 340 1998 τὰ
374 1938 426 2019 μὲν
460 1931 495 1997 έκ
527 1944 576 1998 τοῦ
608 1932 841 2021 πράγματος
875 1931 992 2007 οόδενός
1021 1944 1120 2021 χεῖρον
1156 1931 1247 2018 είιρεῖν
1277 1957 1307 1997 τε
1340 1939 1392 2000 καί

215 2039 333 2114 ἐξειπεῖν
362 2038 481 2104 δόνατοιι
508 2041 633 2114 Λυσίας,
667 2046 718 2104 καί
748 2047 804 2125 γάρ
831 2052 882 2104 του
910 2038 1067 2114 εἰκότος
1088 2038 1143 2115 <ό>
1165 2039 1240 2126 ἀνὴρ
1275 2041 1393 2126 ἄριστος

214 2145 372 2232 εἰκαστής,
402 2151 453 2211 καί
481 2158 531 2212 του
561 2149 887 2234 παραδείγματος
917 2158 959 2231 nr]
994 2170 1024 2210 τε
1058 2145 1157 2233 ὅμοιον
1181 2145 1252 2211 εἶναι
1279 2152 1392 2236 πέφυκε

213 2257 265 2318 καί
280 2266 322 2340 τῇ
339 2256 485 2343 διαμὲρον,
500 2254 710 2340 ἀκριβέστατος
724 2261 842 2342 κριτής·
865 2261 902 2318 τά
917 2278 946 2318 τε
969 2265 1110 2342 σημεῖα
1133 2255 1234 2318 διελεῖν
1250 2259 1286 2318 τὰ
1300 2276 1393 2338 παρε-

212 2359 325 2448 πόμενα
349 2374 409 2435 τοῖς
431 2368 583 2449 πράγμασι
605 2366 658 2426 καί
680 2359 722 2434 είς
744 2363 908 2449 τεκμηρίων
931 2360 1018 2435 δόξαν
1043 2360 1161 2445 όιγαγεῖν
1184 2362 1393 2440 δυνατώτατος,

302 2474 354 2534 καί
376 2476 430 2544 τάς
453 2469 488 2534 ἐκ
511 2481 567 2534 τῶν
591 2468 698 2558 ἠθῶν
722 2493 753 2551 γε
769 2474 876 2542 πίστεις
891 2468 1051 2550 ἀξιολόγως
1069 2475 1145 2532 πάνυ
1160 2473 1392 2541 κατασκευάζειν

212 2577 310 2663 ἔμοιγε
339 2578 428 2640 δοκεῖ.
475 2578 620 2649 πολλάκις
655 2580 707 2662 μὲν
740 2581 797 2660 γάρ
828 2574 863 2639 ἐκ
893 2585 943 2639 τοῦ
966 2577 1048 2658 βίου
1076 2579 1128 2639 καί
1151 2587 1203 2663 τῆς
1224 2579 1391 2663 τρόπεως,

212 2686 358 2757 πολλάκις
384 2685 410 2747 δ’
440 2683 476 2748 ἐκ
501 2696 557 2748 των
582 2689 787 2768 προτέρων
822 2684 1000 2768 πράξεων
1036 2687 1087 2747 καί
1115 2689 1393 2768 προαιρέσεων

213 2790 363 2865 ἀξιόπιστα
385 2800 519 2855 ποιεῖτά
542 2792 617 2879 ἤθη.
653 2789 722 2855 όταν
745 2792 778 2855 δὲ
801 2792 946 2878 μηδεμίαν
970 2791 1107 2878 ἀφορμὴν
1129 2795 1212 2875 παρὰ
1236 2803 1291 2854 των
1313 2813 1391 2876 προι-

212 2904 329 2985 γμάτων
353 2902 484 2986 τοισιότην
507 2897 595 2983 λάβῃ,
620 2897 738 2973 αυτὸς
760 2897 948 2986 ἠθοποιεῖ
962 2902 1015 2962 καί
1030 2902 1244 2970 κατασκευάζει
1260 2903 1296 2961 τά
1318 2897 1392 2983 πρό·

212 3027 297 3069 σωπσι
327 3018 367 3089 τῷ
396 3008 476 3091 λόγῳ
509 3011 596 3088 πιστά
626 3010 678 3070 καί
708 3011 843 3094 χρηστά,
873 3011 1058 3091 προαιρέσεις
1087 3027 1117 3068 τε
1147 3000 1247 3079 αὐτοῖς
1274 3004 1393 3079 ἀστείας

211 3109 357 3185 ὑποτιθεὶς
380 3117 433 3176 καί
455 3116 541 3200 πάθη
566 3119 668 3199 μέτρια
692 3119 865 3197 προσάπτων
887 3116 939 3176 καί
962 3114 1070 3194 λόγους
1086 3110 1220 3186 ἐπιεικεῖς
1235 3111 1393 3187 ἀποδιδοὺς

210 3223 262 3282 καί
293 3228 358 3293 ταῖς
388 3223 492 3306 τόχαις
522 3220 681 3285 ἀκόλουθα
713 3230 891 3308 φρονοῦντας
915 3217 1037 3300 εἰσάγων
1066 3222 1118 3282 καί
1156 3218 1203 3282 ἐπί
1246 3224 1298 3306 μὲν
1329 3232 1390 3294 τοῖς

211 3324 324 3399 ἀδίκοις
341 3325 533 3413 ἀχθομένους
545 3323 596 3391 καί
612 3330 712 3409 λόγοις
725 3331 777 3393 καί
795 3328 901 3412 ἔργοις,
917 3331 953 3391 τά
970 3328 1002 3391 δὲ
1023 3324 1124 3391 δίκαια
1141 3333 1390 3412 προαιρουμένους

211 3444 301 3496 ποιεῖν
324 3434 514 3515 (legendum
539 3439 620 3518 puto
644 3443 745 3514 ποιων)
769 3438 821 3499 καί
836 3440 931 3499 πάντα
946 3436 1139 3520 παραπλήσια
1155 3438 1282 3515 τοότοις,
1302 3433 1388 3507 ἐξόν

212 3536 336 3612 ἐπιεικὲς
367 3540 402 3605 av
433 3545 488 3626 καί
508 3538 620 3628 μέτριον
644 3540 723 3628 ἦθος
747 3538 860 3628 μανείη,
888 3545 1129 3613 κατασκευάζων,
1163 3540 1390 3628 (ν’γθοποιία).

299 3652 365 3732 περὶ
388 3649 420 3711 δὲ
443 3651 610 3735 τὰπάθη
634 3646 850 3732 μαλακώτερός
873 3646 931 3711 ἐστι
954 3645 1005 3711 καί
1027 3646 1092 3711 οὔτε
1116 3646 1302 3738 αὐξήσεις
1326 3647 1390 3713 οίίτε

211 3754 412 3828 δεινώσεις
434 3752 500 3819 οότε
523 3755 681 3828 οἴκτους
712 3754 780 3818 οὔθ’
806 3754 862 3819 ὅσα
890 3760 999 3828 τοίιτοις
1028 3754 1087 3819 ἐστὶ
1110 3758 1304 3843 παραπλήσια
1328 3780 1390 3820 νεα-

209 3873 298 3935 νικῶς
320 3868 395 3925 πάνυ
418 3865 470 3925 καί
494 3860 667 3947 ἐρρωμένως
689 3869 914 3926 κατασκευάσαι
937 3864 1066 3936 δυνατός.

302 3971 496 4055 Dionysium
535 3974 808 4052 argumentorum
847 3972 1032 4036 doetrInam
1071 3993 1138 4037 non
1179 3972 1310 4036 auxisse
1351 3995 1391 4036 ex

212 4078 315 4161 ipsius
328 4078 438 4142 verbis
448 4079 696 4159 cognoscinrus;
712 4081 823 4143 utrum
833 4082 943 4144 autem
954 4080 1109 4162 antiquos
1123 4080 1202 4144 artis
1212 4080 1389 4162 scriptores

214 4221 251 4231 -
280 4184 492 4249 Aristotelem
517 4185 676 4268 imprimis
709 4187 782 4250 dico
807 4188 840 4251 et
862 4187 1043 4251 Isocratem
1071 4223 1105 4232 --
1134 4188 1223 4269 ipsos
1254 4188 1390 4250 secutus

213 4292 322 4356 sitan
348 4313 388 4355 ex
412 4294 653 4357 recentioribus
678 4292 909 4375 rhetoribus*),
942 4313 1083 4376 quornm
1114 4294 1146 4355 in
1171 4294 1271 4356 libros
1303 4294 1390 4356 anti·

301 4433 327 4503 *)
345 4435 414 4497 νέους
433 4436 616 4506 τεχνογράρους
637 4443 834 4492 commemorat
854 4438 887 4489 de
907 4437 990 4489 Isaeo
1011 4452 1032 4488 c.
1055 4434 1095 4503 14,
1121 4453 1147 4504 p.
1167 4434 1219 4487 613
1239 4437 1272 4488 R.
