3100 4809
717 200 933 264 „35-

56 367 59 378 ¹
98 428 99 431 ι
192 392 195 398 ’
236 363 442 446 ornamentis
479 382 608 444 lantum
644 379 685 442 sit
721 379 912 462 disputatio.
960 378 1156 464 Figurarum
1189 402 1410 449 numerum

70 475 77 491 '
175 497 182 507 ‘
236 488 402 552 infinitum
426 507 534 570 paene
560 507 633 551 esse
659 486 825 550 consentit
850 506 925 550 curn
943 486 1098 570 Dionysio
1115 488 1230 554 Cicero
1246 490 1288 555 de
1305 512 1352 556 or.
1369 493 1413 557 Ill

64 611 103 630 ἐ
126 581 256 704 ’μξ
273 598 354 660 201:
382 594 591 658 .F0rrnantur
615 597 728 657 autem
761 594 794 657 ot
818 595 922 657 verba
946 596 979 658 et
1009 595 1197 660 sententiae
1221 616 1330 680 paene
1364 597 1414 661 in·

238 679 544 782 numerabilium
591 700 745 764 Caruisse
782 700 917 764 nomine
952 701 1116 783 quasdam
1151 702 1275 783 figuras
1312 703 1413 769 etiam

238 813 318 873 lunc
350 808 451 873 tradit
474 807 652 890 Dionysius
683 807 723 884 de
756 807 926 872 Demosth.
949 828 978 872 c.
1003 810 1044 873 39
1069 828 1100 889 p.
1128 809 1212 872 1072
1237 809 1284 872 R:
1318 806 1413 893 ἐξαρι-

237 917 385 1000 θμεῖσθαι
414 914 446 976 δὲ
473 923 530 995 νῦν,
563 910 620 977 ὅσα
650 918 719 999 γένη
751 924 968 1000 σχηματισμῶν
999 911 1075 989 ἐστι,
1103 925 1158 977 τῶν
1188 938 1218 977 τε
1241 936 1415 1002 κατωνομα-

167 1017 170 1022 ’
238 1027 351 1108 operor
373 1024 426 1084 καὶ
449 1032 504 1083 τῶν
527 1021 783 1105 ἀκατονομάστων,
807 1016 909 1083 ..oda
933 1020 995 1105 ἔχω
1018 1026 1130 1104 καιρόν.
1157 1022 1307 1102 Triginta
1330 1024 1414 1088 duas

240 1150 317 1193 eum
342 1130 517 1211 agnovisse
542 1132 685 1193 testatur
709 1128 819 1192 Schol.
846 1129 889 1192 ud
911 1128 1031 1192 Arislid
1069 1151 1099 1212 p.
1118 1131 1182 1194 373
1206 1130 1271 1207 (cit.
1289 1129 1413 1194 lloel'sl.

239 1236 357 1317 fragm.
382 1236 516 1319 Dionys
550 1257 580 1318 p.
598 1237 669 1315 42);
701 1231 852 1306 Διονύσιος
874 1231 891 1296 ὁ
914 1231 1168 1318 Ἁλικαρνασσεὺς
1190 1233 1277 1316 λέγει,
1302 1233 1345 1299 ὅτι
1367 1235 1414 1319 λβ’

240 1338 293 1405 εἰσὶ
315 1339 458 1428 σχήματα
482 1350 532 1405 τοῦ
554 1342 654 1424 λόγου,
680 1338 719 1405 ὧν
742 1339 772 1405 ἕν
797 1339 856 1404 ἐστι
879 1338 911 1404 τὸ
935 1351 984 1404 τσῦ
1008 1338 1129 1428 δρόμου,
1176 1344 1233 1426 qui
1255 1364 1415 1409 numerus

240 1450 267 1512 si
303 1451 335 1515 cl
368 1451 609 1515 sententiarum
644 1452 676 1513 el
697 1427 887 1514 iver-borum
917 1451 1041 1530 figuras
1065 1450 1308 1531 intellegendas
1343 1472 1416 1516 esse

148 1621 151 1630 ,
241 1559 456 1639 putaremus,
488 1577 564 1621 cum
595 1558 691 1622 solito
715 1558 823 1620 minor
859 1559 957 1635 esset,
982 1557 1160 1621 verborum
1184 1560 1316 1622 tanturn
1342 1578 1416 1622 esse

242 1664 327 1727 duco
358 1666 513 1749 (σχήματα
544 1672 594 1726 τοῦ
626 1659 716 1743 λόγου
741 1688 783 1721 =
806 1684 857 1747 σχ,
889 1672 943 1749 τῆς
976 1659 1111 1743 λέξεως);
1144 1664 1259 1729 Cicero
1284 1665 1416 1747 quidem

242 1772 464 1854 quadraginin
488 1771 641 1848 fortasse,
674 1772 817 1835 eundem
843 1771 912 1835 fere
944 1791 1118 1836 numerum
1142 1771 1336 1836 Cornificius
1362 1792 1418 1836 ex-

242 1879 343 1944 hibet,
369 1878 431 1941 nisi
455 1878 543 1960 quod
567 1878 746 1970 quaedam,
772 1898 800 1942 e.
826 1899 855 1958 g.
881 1879 1119 1957 adnominatio,
1144 1879 1176 1941 in
1200 1880 1314 1961 plures
1339 1879 1419 1943 diri·

243 1985 368 2048 duntur
383 1985 514 2066 partes3
539 1984 782 2049 sententiarum
809 1984 934 2048 lumina
959 1984 1033 2067 plus
1059 2005 1159 2066 quarn
1178 1986 1418 2068 quinquaginta

245 2091 335 2174 apud
359 2090 552 2154 Ciceronem
579 2091 765 2169 traduntur,
790 2091 879 2173 apud
903 2089 1115 2155 Cornificium
1139 2091 1254 2169 viginti
1281 2093 1348 2156 lere
1373 2089 1418 2156 ila

244 2196 394 2279 quidem,
433 2200 469 2261 ut
505 2197 669 2279 quaedam
708 2198 743 2259 in
779 2198 892 2281 plures
927 2201 1039 2280 partes
1076 2197 1291 2262 disciduntur.
1344 2198 1418 2262 Non

244 2307 381 2367 tenuem
413 2303 599 2368 doctrinam
632 2304 733 2367 luisse
764 2304 840 2387 plus
873 2325 939 2367 uno
963 2305 1035 2367 loco
1059 2303 1137 2368 dicit
1160 2304 1347 2387 Dionysius,
1372 2305 1420 2367 in-

244 2410 350 2475 dicem
394 2414 506 2475 autem
550 2412 751 2493 figurarum,
794 2412 928 2493 qualem
971 2411 1105 2475 exhibet
1142 2431 1180 2475 ex
1217 2412 1420 2476 Graeorum

244 2518 417 2602 disciplina
448 2519 644 2582 Cornificius
674 2519 718 2584 IV
751 2539 777 2586 c.
812 2521 941 2583 13-55
967 2522 1000 2582 el
1023 2519 1138 2583 Cicero
1162 2521 1205 2594 de?
1228 2541 1274 2582 or.
1299 2520 1343 2584 lll
1368 2521 1420 2595 52,

247 2628 410 2703 col—55,
438 2629 502 2691 209
528 2629 560 2690 et
585 2647 632 2691 or.
657 2628 710 2704 39,
738 2629 805 2691 135·
818 2647 908 2709 sqq,
943 2647 1109 2709 nusquam
1141 2628 1231 2691 libris
1265 2628 1421 2706 inseruil;

247 2753 355 2816 pauca
378 2733 477 2801 nolle.
503 2734 600 2816 plura
623 2734 797 2815 promendi
823 2733 1032 2797 occasionem
1057 2754 1123 2797 uon
1142 2754 1226 2809 esse,
1252 2737 1287 2798 ut
1303 2753 1422 2797 recon-

247 2837 366 2904 ditiora
399 2840 641 2904 subostendere
674 2840 836 2909 videatur.
877 2840 943 2904 Sed
977 2841 1076 2921 liber,
1107 2862 1206 2924 quem
1236 2840 1421 2923 composuit

247 2947 287 3012 de
312 2948 443 3029 liguris,
475 2949 662 3029 temporum
694 2946 813 3011 iniuria
845 2947 1002 3030 deperiit,
1035 2951 1067 3011 et
1099 2969 1185 3030 quae
1220 2969 1260 3013 ex
1292 2947 1422 3030 scriptis

247 3074 334 3136 quac
373 3056 506 3119 exstant
546 3054 695 3136 conquiri
720 3056 861 3136 possunt
885 3054 976 3119 illam
1000 3056 1163 3119 iacturam
1188 3076 1307 3138 parum
1332 3074 1422 3117 com-

247 3160 453 3242 pensant.**)
494 3161 567 3225 Hae
592 3181 659 3224 non
685 3160 787 3224 semel
819 3165 1015 3225 occurrunt:
1047 3158 1286 3233 ἀντιθέσεις,
1318 3182 1423 3243 παρι-

247 3270 405 3349 σώσεις,
430 3270 725 3351 παρομοιώσεις
749 3264 910 3348 (alenae,
936 3271 1047 3349 πάρισα
1068 3264 1241 3352 παρόμοια),
1265 3269 1306 3331 de
1322 3269 1422 3332 lsocr.

249 3395 275 3441 c.
295 3378 335 3440 13
358 3397 391 3458 p,
410 3378 470 3440 561
497 3375 545 3447 n;
582 3375 718 3437 nimium
754 3394 871 3437 earum
907 3395 1004 3437 usum
1042 3375 1176 3459 saepius
1202 3378 1304 3439 notat.
1330 3375 1350 3440 l.
1375 3395 1423 3440 c.:

247 3484 299 3543 καὶ
321 3477 356 3544 od
379 3484 411 3543 τὸ
434 3484 518 3562 γένος
540 3486 693 3568 μέμφομαι
717 3490 770 3543 τῶν
794 3485 974 3565 σχημάτων,
999 3482 1103 3543 πολλοὶ
1126 3484 1182 3564 γὰρ
1207 3477 1309 3553 αὐτοῖς
1331 3480 1425 3568 ἐχρή-

248 3610 335 3651 σαντο
357 3591 410 3651 καὶ
432 3591 612 3675 σνγγρσιμεῖς
634 3583 682 3650 καὶ
707 3585 830 3672 ῥήτορες
847 3586 967 3651 ἀνθίσαι
982 3590 1153 3673 βουλόμενοι
1169 3592 1219 3673 τὴν
1235 3588 1320 3661 λέξιν,
1344 3585 1426 3650 ἀλλὰ

170 3697 184 3711 ”
248 3698 296 3758 τὸν
319 3691 509 3780 πλεονασμόν.
555 3695 641 3759 Alibi
664 3697 809 3779 θεατρικὰ
833 3701 986 3781 σχήματα,
1019 3698 1134 3780 ψυχρά,
1165 3694 1425 3781 μειμακιὼδη,***)

248 3806 285 3865 τὰ
300 3800 435 3886 Poppae
461 3803 622 3887 appellari
653 3805 756 3883 solet,
781 3825 809 3866 v.
833 3805 875 3868 de
899 3802 1008 3868 Thuc.
1035 3804 1098 3869 iud.
1125 3823 1153 3871 c.
1172 3804 1225 3880 24,
1249 3803 1290 3866 dc
1314 3802 1423 3867 idiom.

249 3909 350 3976 Thuc.
377 3930 403 3974 c.
425 3912 474 3989 ll,
492 3911 532 3974 de
557 3911 656 3977 Isocr.
683 3909 701 3974 l.
728 3910 759 3982 l.‚
784 3912 825 3975 de
848 3912 940 3979 Dem.
966 3915 1030 3975 cs)
1055 3915 1088 3974 et
1113 3912 1163 3975 21.
1204 3909 1328 3973 Eadem
1355 3909 1425 3973 iere

340 4090 364 4153 *J
382 4089 415 4142 cf.
436 4088 567 4143 Alexand.
586 4090 698 4143 Numen.
719 4090 788 4143 rhet.
808 4106 847 4156 gr.
868 4090 924 4141 Vlll
944 4106 970 4158 p.
984 4088 1035 4142 421
1056 4089 1111 4142 W.:
1137 4095 1185 4139 τὼν
1203 4091 1247 4155 μὲν
1269 4085 1360 4157 ἄπειρα
1379 4106 1426 4157 yo-

250 4178 354 4230 σκόντων
373 4173 435 4230 εἶναι
454 4180 485 4229 τὰ
504 4177 634 4248 σχήματα,
653 4176 745 4229 τῶνδὲ
765 4177 810 4230 σὺν
829 4176 919 4247 ἅπε;ρν
938 4179 987 4244 μέν,
1008 4176 1090 4229 πολλὰ
1110 4175 1137 4229 δὲ
1156 4175 1198 4228 καὶ
1218 4175 1385 4247 ἀπερίληπτα.

341 4267 384 4332 ”J
406 4283 429 4319 v.
450 4266 572 4320 Roelsler
592 4266 687 4335 fragm.
708 4267 818 4334 Dionys.
839 4283 865 4334 p.
885 4266 928 4318 42.

339 4356 402 4424 ***y
421 4354 544 4426 aaeiedlq
558 4358 741 4425 appellaverat
752 4356 959 4424 Theophrastus
971 4355 1024 4427 περὶ
1033 4355 1124 4419 λέξεως
1140 4372 1162 4408 ν.
1174 4356 1273 4422 Dionys
1295 4354 1380 4424 plor
1395 4356 1427 4408 R.

1230 4444 1263 4502 3.
