3100 4809
692 240 888 309 ..9-

776 418 801 488 1.

517 563 572 630 De
595 561 819 630 inventione
843 564 883 629 et
906 559 1054 629 iudicio.

648 666 782 755 (εὕρεσις,
807 665 925 753 κρίσις),

273 814 459 879 Inventioui
475 813 631 878 iudicium
648 813 831 878 subiecisse
851 812 1041 897 dionysium
1060 813 1177 895 colligo
1194 833 1234 878 ex
1249 814 1316 884 iud,
1333 813 1376 891 de

199 908 301 985 isocr.
319 941 345 985 c.
363 921 382 985 4
399 942 430 1003 p.
449 923 513 985 542
526 921 571 985 R:
596 917 643 984 Τα
659 919 685 981 δ’
703 917 732 982 ἐν
746 930 940 1005 πραγματικῷ
957 916 1054 1002 τρόπῳ
1069 921 1254 1006 θεωρήματα
1272 903 1376 1005 τὰμὲν

200 1024 289 1109 ὅμοια
310 1035 371 1097 τοῖς
394 1024 518 1109 Λυσίου,
543 1031 580 1089 τὰ
610 1027 641 1089 δὲ
669 1024 829 1111 κρείττονα.
876 1024 895 1113 ἡ
925 1030 976 1112 μὲν
1009 1024 1058 1090 οὖν
1088 1024 1288 1113 εὖρεσιςὴ
1321 1039 1376 1091 τῶν

201 1129 427 1217 ἐνθυμημάτων,
450 1130 469 1219 ἡ
493 1136 567 1217 πρὸς
587 1131 710 1197 ἕκαστον
734 1131 920 1219 ἁρμόττουσα
943 1145 1065 1220 πράγμα
1087 1134 1184 1221 πολλὴ
1206 1136 1258 1198 καί
1281 1139 1376 1223 πυκνὴ

198 1242 251 1300 καί
266 1234 348 1301 oieb
365 1235 477 1327 ἐκείνης
493 1242 648 1327 λειπομένη
679 1244 730 1305 καὶ
756 1239 889 1325 κρίσις
912 1237 1052 1313 dueum
1069 1239 1127 1305 άπὸ
1143 1242 1276 1327 μεγάλης
1300 1265 1375 1330 μρο-

198 1324 313 1433 rriueuq⁴
341 1353 490 1436 γινομένη·
533 1350 612 1423 τάξις
652 1351 684 1413 δέ
725 1354 777 1413 καί
813 1354 947 1436 μερισμοὶ
982 1361 1038 1413 τῶν
1071 1348 1249 1437 πραγμάτων
1281 1337 1330 1413 καὶ
1355 1346 1374 1434 ἡ

201 1464 266 1517 κατ’
284 1451 463 1543 ἐπιχείρημα
479 1455 632 1543 ἐξεργασία
655 1462 706 1521 καί
729 1462 761 1521 τὸ
786 1458 1040 1543 διαλαμβάνεσθαι
1064 1461 1115 1543 την
1131 1456 1276 1545 δμοειδίαν
1290 1453 1378 1531 ίδίαις

202 1562 379 1647 μεταβολαῖς
393 1560 445 1626 καί
460 1564 549 1638 ξένοις
567 1563 736 1637 ἐπεισοδίοις
759 1569 804 1627 τὰ
828 1575 851 1625 τ’
870 1564 971 1627 ἄλλα
994 1562 1066 1627 ὅσα
1089 1568 1174 1648 περί
1196 1567 1264 1650 την
1287 1584 1308 1626 π
1319 1586 1376 1647 ρα-

200 1674 394 1756 γματικην
418 1667 478 1734 υίκ
489 1694 579 1757 υνομ
590 1676 650 1736 ίαν
667 1668 741 1736 ἐστίν
758 1669 872 1754 ἀγαθά,
890 1672 992 1754 πολλῷ
1008 1669 1125 1755 μείζονά
1142 1669 1201 1735 ἐστι
1216 1682 1283 1754 παρ’
1298 1670 1376 1736 Ἰου-

201 1779 300 1859 κρατει
321 1780 373 1839 καί
392 1781 550 1861 κρείττονα.
577 1781 616 1844 et.
641 1781 684 1844 do
708 1781 808 1844 isoer.
835 1801 861 1843 c.
890 1781 939 1857 12,
965 1780 1006 1843 de
1030 1779 1105 1861 [με.
1130 1799 1156 1843 c.
1185 1781 1224 1843 15
1247 1779 1376 1861 κριτικὸς

201 1878 240 1944 ὢν
263 1882 306 1944 δεῖ
328 1885 419 1965 λέγειν
443 1889 476 1951 et
498 1888 599 1969 paulo
624 1887 709 1951 infra
725 1882 834 1968 είρεοιν
851 1889 883 1949 et
899 1889 991 1969 κρίσιν
1008 1887 1166 1968 (σίγκρισιν
1183 1884 1278 1963 libri).

292 1990 376 2054 Rern
399 1992 544 2057 illustrat
567 1996 600 2057 et
623 1994 799 2057 continuat
825 1993 972 2057 Cicero
996 2013 1043 2057 or.
1061 2012 1088 2058 e.
1105 1994 1143 2057 14
1162 1993 1255 2074 §ddz
1281 1988 1376 2071 ‚Nam

204 2097 238 2159 et
262 2095 411 2162 iuvenire
436 2100 469 2163 et
492 2100 694 2165 iudicare
719 2085 908 2184 quid'dicas
931 2119 1052 2180 magna
1069 2098 1123 2162 illa
1142 2098 1273 2181 quidem
1298 2101 1378 2164 sunt

203 2204 235 2267 et
260 2205 432 2286 tamquam
457 2206 558 2270 uuinii
580 2207 686 2270 instar
703 2206 734 2268 in
753 2226 901 2289 corpore,
926 2207 983 2270 sed
1009 2205 1141 2289 propriu
1168 2206 1272 2286 magis
1297 2225 1375 2288 pru-

203 2309 336 2375 dentiae
360 2333 463 2394 quarn
487 2314 747 2397 eloquentioe‘*)
772 2362 780 2377 .
807 2362 814 2377 .
840 2365 847 2379 .
872 2334 899 2378 c.
930 2316 967 2378 15
992 2313 1067 2395 §47
1093 2314 1273 2397 postquam
1297 2312 1377 2392 dixit

202 2417 243 2480 de
267 2417 347 2481 locis
377 2420 467 2483 unde
498 2424 676 2485 sumuntur
707 2423 921 2499 argumenta:
956 2420 1033 2496 ‚Nec
1065 2439 1143 2483 vero
1175 2420 1287 2483 utetur
1316 2420 1377 2482 im·

202 2525 385 2605 prudenter
415 2527 480 2591 hac
514 2529 617 2612 copia,
648 2528 706 2592 sed
739 2528 851 2591 ouiuin
876 2527 1041 2611 expendet
1071 2528 1103 2591 et
1131 2527 1256 2608 seliget.
1302 2525 1376 2591 Nou

202 2632 291 2695 enirn
316 2653 449 2717 semper
473 2655 535 2699 nec
559 2636 592 2699 in
610 2635 764 2699 omuibus
784 2635 892 2698 causis
911 2654 951 2698 ex
967 2635 1082 2698 iisdeui
1100 2620 1379 2716 argumentorum

204 2743 373 2808 momenta
405 2745 492 2806 sunt.
548 2742 761 2806 Iudicium
792 2741 891 2823 igitur
924 2742 1095 2806 adhibebit
1131 2761 1192 2805 uec
1231 2741 1378 2805 inveniet

203 2845 310 2909 solum
327 2849 406 2931 quid
422 2849 520 2920 dicat,
546 2849 603 2914 sed
621 2849 722 2914 etium
748 2838 924 2933 expendet
958 2849 1045 2912 Nibii
1063 2849 1151 2913 euim
1169 2849 1220 2912 est
1237 2847 1377 2911 feracius

203 2950 344 3032 ingeniis
375 2955 414 3018 iis
445 2958 653 3040 praesertim,
685 2977 772 3040 quue
797 2956 977 3040 disciplinis
1010 2956 1141 3020 exculta
1175 2957 1263 3021 suut.
1311 2953 1376 3017 Sed

204 3060 241 3122 ut
257 3064 387 3140 segetes
405 3063 569 3127 fecundae
587 3066 620 3128 et
638 3065 758 3127 uberes
772 3083 841 3127 non
857 3064 962 3127 solum
979 3062 1102 3142 fruges,
1119 3082 1234 3127 verum
1253 3060 1376 3123 herbas

204 3166 304 3230 etiam
329 3170 504 3234 effundunt
526 3171 767 3235 inimicissimas
794 3170 954 3251 frugibus,
985 3170 1031 3233 sic
1055 3170 1223 3233 interdum
1252 3166 1376 3231 exiliis

203 3271 283 3336 loeis
315 3276 373 3339 aut
400 3276 488 3341 levia
519 3279 682 3360 quaedam
717 3280 774 3349 uut
807 3278 916 3341 causis
955 3276 1064 3341 aliona
1099 3279 1157 3341 aut
1186 3295 1253 3338 nou
1284 3272 1377 3337 utilia

205 3380 405 3460 gignuntur;
438 3405 579 3467 quorum
612 3386 654 3449 ab
686 3386 827 3450 oratoris
859 3385 1022 3448 iudicio
1055 3384 1203 3448 delectus
1235 3400 1376 3461 magnus

204 3488 437 3557 adhibebitur.‘
468 3492 558 3556 Idem
584 3494 625 3556 de
649 3494 760 3576 partit.
786 3513 831 3557 or.
857 3512 883 3556 c.
901 3493 942 3556 ΙΙΙ
961 3491 978 3573 ξ
996 3494 1025 3556 8.
1060 3491 1154 3555 Addo
1179 3486 1372 3568 Quintiliani

204 3595 314 3668 locum
338 3619 404 3680 quo
427 3618 494 3662 nou
519 3600 682 3664 immerito
706 3601 794 3664 hauc
812 3600 1005 3663 divisionem
1026 3599 1209 3682 impugnat,
1231 3597 1308 3660 inst.
1326 3615 1372 3661 or.
1421 3655 1423 3658 ,

203 3704 247 3767 111
272 3707 346 3783 3,5:
378 3705 447 3785 ,His
473 3708 632 3790 (quinque
657 3707 815 3771 orationis
839 3707 1001 3790 partibus)
1026 3704 1218 3770 adiecerunt
1242 3704 1377 3786 quidam

205 3815 332 3876 sextam
357 3815 496 3896 partem,
519 3814 566 3879 ita
589 3816 625 3879 ut
641 3815 825 3878 inventioni
849 3814 1006 3878 iudicium
1024 3814 1272 3890 subnecterent,
1297 3811 1375 3894 quia

204 3919 347 4002 primum
372 3923 462 3984 esset
483 3921 644 3998 iuvenire,
669 3921 790 3985 deiude
813 3921 970 3989 iudicare.
1018 3920 1087 3999 Ego
1121 3939 1219 4003 porro
1253 3938 1296 3982 ue
1326 3920 1376 3981 in·

204 4025 336 4090 venisse
354 4025 488 4109 quidem
506 4028 605 4092 credo
623 4048 710 4103 eum,
736 4028 877 4110 quinon
901 4027 1067 4092 iudicavit.
1094 4076 1101 4091 .
1121 4081 1127 4094 .
1146 4078 1153 4093 .
1172 4074 1180 4089 .
1204 4025 1245 4090 Et
1261 4026 1376 4091 Cicero

206 4132 337 4214 quidem
361 4132 395 4195 in
411 4133 583 4197 rhetoricis
601 4134 757 4198 iudicium
774 4135 914 4199 subiecit
937 4133 1117 4199 inventioni
1132 4155 1139 4213 3
1164 4132 1243 4195 mihi
1260 4134 1375 4196 autem

206 4240 289 4303 adeo
313 4239 419 4303 tribus
443 4240 557 4323 primis
581 4242 731 4324 partibus
755 4241 885 4304 videtur
909 4261 982 4305 esse
1006 4239 1214 4323 permixtum,
1239 4240 1276 4302 ut
1300 4258 1376 4322 pro·

204 4357 417 4369 ,--——.—.

295 4400 322 4472 *λ
340 4400 373 4453 cf.
394 4399 504 4472 Dionys.
524 4401 556 4457 de
575 4400 665 4457 Thud.
684 4401 739 4457 iud.
758 4416 781 4456 c.
800 4399 836 4456 34
854 4418 880 4472 ρ,
899 4398 951 4453 896
973 4400 1001 4466 u,
