3100 4809
715 245 930 320 —23-‚

322 423 387 485 Sed
415 424 486 486 utut
510 423 574 485 boc
598 443 634 485 so
659 423 770 498 hebet,
789 421 982 504 Dionysi-om
1007 422 1048 485 de
1073 423 1224 504 portibus
1249 422 1406 485 orationis

232 529 312 592 nihil
345 530 421 592 novi
451 529 628 592 tradidisse
661 550 770 611 neque
796 528 883 604 benc
915 528 1090 591 materiam
1116 530 1304 591 eccuiutius
1330 550 1407 614 exo·

232 636 378 700 minesse
402 636 505 718 ipsius
530 635 652 698 docent
675 636 789 698 verim.
831 634 913 696 [licit
938 634 1025 697 enim
1050 634 1142 696 rein
1167 634 1276 697 medio
1291 636 1405 698 relicti

233 741 280 866 (p
299 744 371 822 ΞΟ);
396 736 468 823 brr'sp
457 738 532 802 ὧν
556 744 590 803 οὺ
615 761 720 825 μτκηος
743 737 815 801 <lire
803 739 976 825 ι’·ηὶόηος
1000 737 1117 823 clip
1099 762 1119 824 η
1142 762 1175 819 ηε
1198 750 1253 801 τῶν
1276 745 1405 822 πρώτων,

230 846 284 909 εἴτε
307 858 469 929 correptior
492 844 679 931 ητεττάρων,
705 843 815 907 elbff
799 868 891 908 οσον
915 844 1058 931 δηποετ
1083 868 1151 930 με
1135 848 1330 930 porelom‘q
1354 849 1406 907 καὶ

230 951 395 1036 παράθεσις
417 958 453 1015 τὰ.
476 955 621 1037 λεγόμενα
644 961 718 1014 ποιεῖ
740 953 827 1016 κῶλα
849 953 912 1013 κτλ.

733 1165 842 1249 Capul
866 1168 903 1230 ll.

453 1290 603 1369 ‚Quue
628 1293 687 1355 sit
711 1294 773 1354 vis
799 1294 1152 1376 compositionis,

665 1418 739 1497 (τίνα
760 1413 847 1501 ἰσχὺν
869 1416 974 1501 ileu)-

317 1559 526 1641 Quamquam
563 1560 679 1622 ordine
717 1560 895 1629 secundas,
930 1561 1042 1623 tamen
1080 1559 1110 1621 vi
1134 1559 1261 1641 primos
1286 1559 1400 1639 partes

228 1667 501 1748 compositionem
519 1667 682 1735 obtinere,
698 1668 733 1728 ut
751 1668 784 1730 ei
798 1666 874 1728 olibi
889 1668 978 1728 :ntes
992 1664 1212 1747 componendi
1226 1664 1397 1727 materiem

228 1772 296 1835 sive
333 1772 517 1835 collocandi
551 1774 725 1854 praestent
761 1772 892 1840 eleclui‚
929 1772 1104 1853 Dionysius
1128 1772 1205 1834 dicit
1228 1771 1268 1832 cle
1294 1791 1398 1852 comp.

227 1899 258 1960 p.
276 1881 328 1942 22.
378 1879 550 1942 Simillimo
574 1880 615 1942 de
640 1880 757 1943 ordine
782 1880 1047 1943 commendando
1071 1878 1172 1961 paulo
1202 1877 1308 1940 fusius
1332 1878 1399 1939 dis-

227 1987 324 2067 putet
347 1985 565 2068 pluribusque
591 1987 748 2068 exemplis
772 1986 914 2050 illustrat
931 1985 1153 2061 Quintilianus
1170 1983 1227 2046 Vll
1251 2004 1397 2065 prooem.

224 2091 335 2174 Atque
371 2092 456 2156 lmec
491 2113 625 2174 queque
663 2112 737 2155 eum
772 2112 841 2155 non
876 2093 1054 2174 Dionysio,
1089 2091 1147 2154 sed
1180 2091 1397 2172 scriptoribus

225 2199 404 2281 superioris
429 2200 547 2262 aciatis
572 2199 694 2262 debere
718 2201 809 2281 pulo,
857 2200 904 2262 De
929 2197 1233 2280 comparationibus
1258 2217 1297 2259 ex
1326 2200 1397 2259 orte

224 2306 459 2369 statueriorum
497 2305 562 2368 iem
599 2307 677 2369 ante
703 2306 896 2388 Dionysium
931 2306 1038 2368 ductis
1073 2325 1103 2372 ν,
1129 2303 1321 2367 Brzoske
1356 2303 1396 2366 de

224 2433 353 2477 canone
379 2415 407 2477 X
432 2416 515 2478 orat.
541 2415 686 2493 (Vrulisl.
714 2416 811 2493 1883)
835 2436 867 2497 p.
885 2417 938 2479 81.

313 2519 498 2603 Postquam
529 2522 561 2583 in
595 2523 789 2586 universum
825 2522 999 2605 Dionysius
1035 2521 1156 2597 docuit,
1193 2519 1319 2602 quanto
1355 2519 1397 2581 sit,

225 2627 331 2691 muior
361 2629 410 2691 vis
441 2628 473 2690 in
506 2629 615 2691 verbis
640 2630 879 2711 componendis
912 2650 1012 2711 quam
1039 2628 1208 2708 eligendis
1238 2626 1395 2708 exemplis

223 2737 255 2799 et
280 2756 321 2798 ex
346 2737 451 2817 poetis
477 2738 508 2799 et
534 2756 573 2799 ex
607 2736 824 2819 scriptoribus
856 2736 997 2818 sumptis
1030 2736 1191 2818 probol
1174 2734 1393 2797 elocutionem

222 2841 339 2905 ordine
358 2843 535 2905 verborum
553 2847 756 2925 permoleste,
782 2846 940 2907 monente
959 2843 1125 2907 sententir
1141 2860 1279 2940 prorsus
1297 2840 1392 2904 oliam

221 2948 336 3018 videri
372 2948 412 3012 de
447 2969 553 3031 comp.
590 2971 621 3031 p
658 2950 1016 3013 46-ο4εο1τ.οονη
1052 2933 1335 3031 perstrinxerit
1329 2967 1393 3010 rrm

221 3055 450 3118 Isocrates
484 3075 531 3118 or
564 3057 605 3119 lX
631 3054 707 3136 §ro
733 3057 766 3119 et
792 3058 849 3118 ll:
883 3051 985 3137 οἱμὲν
1009 3055 1154 3136 (poetae)
1186 3057 1258 3137 μετὰ
1282 3057 1393 3135 μέτρων

221 3162 273 3221 καὶ
296 3156 418 3243 ῥυθμῶν
442 3158 556 3221 ἅπαντα
579 3169 714 3238 ποιοῦσιν,
739 3157 766 3221 οἱ
789 3160 814 3221 δ’
833 3162 1011 3244 (oratores)
1036 3156 1153 3230 οὐδενὸς
1168 3156 1274 3220 τούτων
1289 3180 1393 3220 κοινο-

223 3274 334 3327 reboo·
358 3266 378 3327 ἃ
401 3268 542 3351 τοταὺτην
565 3264 628 3351 ἔχει
651 3271 748 3350 χάριν,
772 3264 852 3348 ὥστ’,
877 3263 911 3327 ἂν
934 3268 986 3328 καὶ
1008 3276 1044 3348 τῇ
1068 3265 1217 3340 λέξειναί
1233 3275 1294 3336 τοῖς
1310 3263 1393 3326 irtio

221 3375 351 3455 μήμτοιν
379 3372 437 3457 ἔχη
461 3383 573 3450 κακῶς,
606 3370 689 3456 ὅμως
719 3369 822 3444 αὐταῖς
847 3381 909 3443 ταῖς
932 3368 1106 3455 armemur
1129 3374 1180 3432 καὶ
1202 3378 1265 3441 ταῖς
1287 3392 1388 3455 coppe·

219 3480 312 3559 τρίατς
347 3481 558 3563 ψυχογονηοῡοι
591 3480 658 3550 τοὺς
685 3476 858 3550 ἀκούοντας.
891 3475 972 3563 γνοίη
1005 3479 1030 3539 δ’
1056 3478 1091 3540 ἄν
1125 3500 1167 3549 τις
1195 3474 1311 3539 ἐκεῖθεν
1341 3482 1391 3562 την

221 3583 340 3669 &inupti
363 3581 473 3647 αὐτῶν·
502 3582 538 3670 ἢν
561 3590 617 3668 γὰρ
641 3596 696 3648 τῶν
716 3591 885 3671 ποιημάτων
902 3589 938 3647 τὰ
954 3590 1006 3670 μὲν
1022 3583 1151 3671 ὀνόματα
1174 3586 1300 3656 καὶτὰς
1332 3585 1380 3648 διο,

218 3695 298 3761 νοίας
321 3693 480 3775 καταλίπῃ,
504 3696 536 3754 τ“ο
560 3693 592 3754 δὲ
615 3697 719 3778 μέτρον
742 3693 877 3776 διαλὺτη,
902 3698 1061 3779 φανήσεται
1083 3692 1158 3753 πολὺ
1174 3691 1390 3776 καταδεέστερα,

218 3808 270 3882 της
300 3798 389 3883 δόξης
418 3797 455 3884 ἧς
483 3808 530 3861 νον
560 3799 669 3884 ἔχομεν
699 3802 764 3882 περὶ
795 3796 897 3861 αὐτῶν.
944 3801 1068 3863 Eodem
1101 3801 1170 3863 lere
1201 3800 1389 3880 modoque

219 3905 396 3988 Dionysius
420 3906 571 3971 Cicero
595 3928 663 3971 rem
690 3908 766 3988 egit,
791 3908 852 3990 nisi
877 3907 966 3989 quod
983 3906 1289 3970 Halicarnassensis
1307 3906 1389 3969 alios

217 4012 368 4076 rhetores
405 4034 544 4093 graecos
577 4017 711 4077 secutus
753 4035 770 4077 o
812 4014 918 4095 poetis
955 4016 987 4076 el
1021 4014 1208 4076 oratoribus
1238 4015 1388 4094 probetis

218 4122 351 4202 sumpta
374 4121 468 4203 ponit
492 4120 654 4202 exemplo,
679 4121 746 4182 suis
772 4121 875 4183 utitur
899 4119 1114 4197 Romanus*)
1152 4120 1267 4182 Cicero
1292 4120 1388 4198 igitur

216 4247 262 4290 or.
288 4245 316 4291 c.
342 4228 383 4292 70
412 4227 509 4308 §232
541 4247 613 4308 sqq.
649 4227 733 4289 lmec
768 4226 808 4289 de
845 4226 1092 4307 compositionis
1117 4228 1168 4287 vi:
1207 4224 1386 4306 Quantum

277 4336 417 4435 libem
437 4368 499 4422 facit
519 4368 677 4438 consiliique
697 4368 828 4422 rationem
848 4368 936 4420 reldit
956 4366 1114 4420 Cornificius
1134 4367 1168 4418 IV
1191 4366 1214 4420 1
1232 4367 1243 4416 t
1265 4383 1326 4438 sqq.
