3100 4809
639 189 857 255 „02-

156 368 273 434 contra
297 368 433 453 eosqui
458 370 639 454 praecepta
662 370 702 433 de
728 369 837 434 verbis
852 370 1012 448 eligendis
1037 372 1070 434 et
1094 371 1334 455 componendis

157 476 341 558 similiaque
366 478 403 540 ut
427 497 535 557 nugas
560 479 592 541 et
616 477 773 541 minutias
798 480 997 559 spernerent
1029 479 1060 542 et
1094 481 1195 542 totam
1228 481 1335 543 artem

156 583 336 647 oratoriam
359 583 471 665 inique
496 585 668 650 vexarent.
716 583 803 645 Num
836 585 948 647 aulem
979 584 1030 647 bis
1055 585 1201 668 Dionysii
1234 606 1334 666 argu-

156 689 277 753 mentis
301 688 450 773 propulsi
467 690 649 753 adversarii
668 691 793 772 impetu
811 690 1010 766 destiterint,
1037 692 1191 773 equidem
1208 693 1334 756 dubito,

158 796 224 860 Sed
248 798 311 862 hoc
335 798 443 880 ipsum
477 797 661 861 tenendum
693 799 752 873 est,
786 796 1116 863 Halicarnassensem
1153 800 1258 864 mulla
1289 800 1334 864 ita

160 904 358 969 disseruisse
383 908 412 967 el
439 905 614 980 tractasse,
640 905 674 967 ut
700 906 758 967 aut
783 902 849 967 tela
873 904 905 965 in
936 905 1203 969 adversariorum
1229 906 1336 969 aciem

162 1011 353 1075 iacerenlur
378 1009 436 1074 aut
461 1009 548 1073 illinc
573 1009 673 1073 missa
697 1009 986 1092 propulsarentur.

246 1117 403 1182 Ceterum
428 1136 494 1179 nou
522 1118 570 1179 est
589 1117 714 1200 primus
740 1117 896 1180 defensor
912 1117 1088 1201 Dionysius
1112 1118 1145 1181 in
1163 1119 1218 1182 illo
1235 1119 1333 1195 belle,

158 1224 246 1307 quod
278 1224 355 1287 inde
379 1245 399 1287 a
423 1223 573 1287 Platonis
604 1224 724 1303 Gorgia
753 1227 872 1288 contra
896 1224 1046 1289 rhetores
1076 1247 1095 1289 a
1126 1225 1333 1309 philosophis

159 1330 317 1414 imprimis
342 1332 523 1411 gerebatur
547 1331 601 1412 (cl.
627 1330 691 1395 Cic.
717 1331 758 1394 de
783 1352 829 1394 or.
854 1332 912 1396 lc.
940 1334 980 1396 ‘lb
998 1333 1094 1414 sqq).
1124 1333 1162 1395 ln
1186 1333 1240 1396 illo
1264 1353 1335 1397 cer·

158 1439 292 1514 tamine,
317 1438 395 1520 quid
420 1437 579 1513 doctrina,
605 1438 683 1519 quid
708 1441 828 1502 natura
851 1442 976 1521 posset,
1001 1439 1087 1502 iacta
1111 1441 1190 1503 sunt
1212 1438 1335 1503 funda-

159 1544 841 1627 mentaCiceronislepidilibrideoralore.
866 1545 1334 1627 Spiuosasillasquaestiones

159 1654 200 1716 de
224 1652 334 1716 verbis
366 1651 523 1732 eligendis
556 1653 588 1714 et
619 1651 864 1722 continuandis,
896 1651 937 1715 de
970 1652 1116 1716 numeris
1149 1651 1335 1733 similiaque

159 1759 273 1823 Cicero
298 1779 430 1842 quoque
456 1758 595 1822 tutanda
619 1758 679 1821 sibi
704 1759 842 1840 putavit,
868 1760 1062 1841 fortiterque
1079 1761 1241 1841 quantum
1264 1758 1336 1840 ipse

160 1864 222 1932 arii
246 1865 384 1930 deberet
409 1867 458 1929 est
483 1866 653 1948 protessus
679 1885 725 1929 or.
751 1865 769 1946 ς
798 1867 984 1933 140-149.

247 2331 429 2397 Prirnarias
452 2335 566 2415 partes
590 2332 669 2396 artis
695 2331 860 2396 oratoriae
885 2332 926 2395 de
951 2331 1140 2396 inventione
1165 2352 1276 2396 rerum
1302 2334 1335 2396 ct

159 2440 374 2524 dispositione
399 2439 468 2502 sive
486 2440 691 2520 oeconomia,
716 2440 757 2502 de
774 2441 952 2503 verborum
971 2440 1134 2503 electione
1152 2440 1185 2502 et
1202 2458 1335 2521 compo·

160 2547 278 2612 sitione
313 2546 379 2611 iam
410 2545 632 2620 absolvimus;
663 2546 715 2609 his
748 2547 855 2608 omnis
889 2546 993 2609 oratio
1027 2546 1118 2608 nullo
1151 2566 1333 2609 causarum

158 2653 348 2718 'discrimine
366 2654 401 2717 lit
418 2654 451 2717 et
466 2654 567 2716 lolius
586 2654 664 2716 artis
682 2653 847 2717 oratoriae
864 2674 965 2734 quam
979 2653 1039 2715 sibi
1056 2653 1145 2716 tinxit
1159 2653 1334 2736 Dionysius

160 2760 311 2844 expletur
335 2760 491 2824 ambitus
524 2759 619 2836 Quae
644 2761 782 2840 restant,
808 2760 899 2824 velut
915 2761 956 2822 de
974 2761 1150 2823 virtutibus
1175 2760 1334 2824 orationis

161 2865 337 2931 causarum
361 2854 550 2949 generibus
581 2867 733 2949 partibus
765 2866 924 2929 orationis
955 2866 1151 2948 (iudicialis),
1184 2868 1224 2930 (le
1260 2887 1335 2949 pro·

161 2973 370 3039 nuntiatione
395 2976 426 3036 et
450 2974 609 3037 memoria
626 2973 850 3056 quaestiones
874 2975 1041 3056 quomodo
1063 2973 1247 3037 rhetorices
1261 2961 1335 3037 cor-

160 3081 232 3165 pori
256 3081 429 3161 iniungere
454 3082 512 3144 aut
536 3081 736 3145 subnectere
761 3081 912 3159 voluerit,
941 3101 1059 3163 parum
1084 3079 1226 3143 dilucide
1250 3079 1335 3142 indi-

161 3189 257 3254 cavit.
305 3188 369 3251 Sed
396 3188 512 3252 deliis
545 3208 677 3270 quoque
702 3189 803 3251 rebus
834 3190 1016 3271 praecepta
1051 3187 1193 3269 sparsim
1224 3186 1334 3264 tradit,

160 3314 303 3378 quorum
327 3314 410 3377 quos
435 3296 588 3358 auctores
613 3296 747 3358 secutus
773 3294 824 3373 sit,
849 3315 1012 3376 quaerere
1044 3314 1111 3358 non
1145 3295 1291 3357 alienum
1316 3311 1336 3355 a

159 3403 275 3486 nostra
300 3400 524 3485 disputatione
549 3402 753 3484 putavimus.

740 3527 763 3590 l.

480 3633 535 3699 De
559 3633 767 3700 virtutibus
792 3634 1018 3718 oratoriis.*)

579 3736 694 3822 (ἀρεταὶ
718 3750 771 3825 τῆς
793 3736 923 3820 λέξεως).

249 3867 285 3931 ln
318 3867 418 3930 rebus
451 3868 484 3929 et
516 3865 550 3927 in
583 3865 703 3945 verbiS,
735 3866 768 3928 in
800 3876 992 3950 πραγματικῷ
1028 3869 1060 3929 et
1091 3867 1215 3946 λεκτικῷ
1240 3862 1335 3947 τρόπῳ

163 3992 345 4054 eorumque
376 3972 527 4056 partibus
562 3976 641 4036 sunt
671 3973 836 4054 quaedam
861 3974 1000 4037 virtutes
1025 3973 1219 4055 peculiares,
1246 3972 1337 4036 velut

162 4076 264 4163 ἀρεταὶ
286 4080 489 4164 πραγματικαὶ
513 4082 546 4144 et
568 4080 701 4140 λεκτικαί
724 4080 778 4160 (de
795 4078 902 4143 Thuc.
928 4099 954 4142 c.
976 4083 1002 4158 l,
1027 4099 1053 4142 c.
1072 4082 1133 4153 263
1159 4080 1202 4143 ad
1218 4078 1334 4162 Pomp.

163 4205 190 4250 c.
216 4189 245 4266 3,
271 4206 298 4255 c.
323 4187 371 4265 6),
402 4181 503 4269 ἀρεταὶ
526 4186 685 4271 (δυνάμεις)
709 4182 879 4248 ἐκλεκτικαὶ
903 4188 936 4249 et
959 4186 1128 4247 συνθετικαὶ
1152 4186 1204 4249 vel
1227 4181 1336 4248 οἰκονο-

161 4295 375 4311 h———u-—n

163 4383 165 4388 ,
252 4343 278 4415 *l
296 4343 349 4397 Cic.
370 4344 446 4398 Brut.
465 4344 482 4412 ξ
500 4345 535 4398 65
555 4344 669 4398 virtutes
689 4343 834 4399 oratoriae.
