3100 4809
636 201 854 268 ..74-

156 382 321 467 ἀναγκαίας
344 381 451 471 ἀρετης
474 379 566 469 οὔσης
581 384 646 466 περὶ
661 384 768 463 λόγους
782 384 835 446 καὶ
850 382 979 467 μάλιστα
1001 373 1068 462 τοὺς
1090 384 1270 457 πολιτικοὺς·
1294 382 1332 472 ης

155 495 308 578 παροόσης
323 495 374 577 μὲν
389 494 442 558 καί
455 500 520 562 ταῖς
535 490 644 562 ἄλλαις
656 488 775 574 ἀρεταῖς
785 494 891 571 γίνεται
903 495 992 576 χώρα
1002 494 1055 555 καὶ
1068 495 1147 554 τότε·
1164 489 1332 577 ἀποόσηςδ’

155 594 216 662 οὔδ’
234 596 326 662 ὁτιοῦν
342 596 450 685 όρελος
465 593 525 660 οὔδ’
551 593 667 661 ἐκείνων
683 593 829 684 οὐδεμιᾶς.
860 602 1040 683 τεκμήραιτο
1057 598 1082 660 δ’
1101 596 1135 661 ἄν
1151 620 1202 672 τις,
1225 596 1332 686 ἡλίκην

152 701 239 792 ίοχιλν
261 714 344 769 τοῦτο
361 702 393 769 τὸ
416 715 558 790 στοιχεῖον
574 702 646 790 ἔχει,
671 705 869 790 καταμαθών,
886 700 956 768 ὅσον
979 703 1119 792 ἀλλήλων
1143 704 1334 770 ἀλλάττουσιν

155 808 183 875 οί
207 812 372 896 τραγῳδίας
395 834 424 875 τε
446 815 498 876 καί
521 811 682 896 κωμῳδίας
704 807 931 898 ὑποκρινόμενοι.
955 816 992 876 τὰ
1014 816 1071 896 γὰρ
1095 809 1170 877 uota
1185 818 1334 900 ποιήματα

154 919 287 1000 λέγοντες
325 915 382 1005 οιλχ
419 916 559 993 ὡσαότως
599 915 681 1005 ἡμᾶς
720 920 863 1006 κηλοῦσιν
899 917 1040 998 ἅπαντες,
1080 918 1148 984 ἀλλ’
1187 917 1272 994 ἐνίοις
1308 932 1331 984 τ’

155 1025 347 1112 ἀχθόμεθα,
391 1029 461 1104 κοιὶΙ
487 1023 584 1110 ὥσπερ
630 1024 816 1112 ἀδικουμενοι
860 1048 885 1089 τι
934 1027 1238 1114 καθυποκρινομένοις
1283 1031 1334 1091 καί

157 1130 361 1221 διαφθείρουσι
384 1137 437 1207 τὰς
459 1131 613 1219 βουλήσεις
629 1144 684 1197 των
700 1137 870 1221 ποιημάτων
891 1134 1111 1219 χαλεπαίνομεν
1126 1135 1179 1216 (cf.
1198 1136 1332 1202 Aristot.

155 1243 242 1324 poet.
268 1261 295 1306 c.
323 1241 386 1325 19),
410 1243 520 1326 ταίτης
542 1239 574 1303 δέ
598 1262 673 1328 φημι
695 1251 750 1327 τῆς
776 1239 885 1328 ἀρετης
906 1245 981 1304 ττοίνυ
1005 1240 1064 1303 δεῖν
1088 1250 1147 1315 τοῖς
1169 1240 1335 1325 ἐναγωνίοις

153 1344 260 1429 λόγοις,
285 1345 309 1410 εἰ
332 1348 488 1432 μέλλουσιν
511 1345 582 1422 ἕξειν
605 1349 679 1412 πολὺ
704 1352 737 1412 τδ
761 1346 906 1435 ἀληθινόν
928 1351 980 1411 καί
1003 1348 1158 1435 ἔμψυχον·
1189 1347 1228 1437 ἧς
1249 1345 1333 1413 πλεί-

154 1476 234 1541 στην,
261 1452 358 1538 ὣσπερ
382 1458 512 1519 καὶτῶν
535 1454 644 1538 ἄλλων,
668 1460 805 1539 πρόνοιαν
828 1455 916 1542 ἔσχεν
939 1454 1023 1530 οὗτος
1045 1454 1062 1520 ό
1087 1456 1171 1543 ἀνηρ.

246 1560 373 1647 διττὴν
405 1561 438 1625 δὲ
467 1564 520 1648 την
543 1564 626 1651 ρόσιν
657 1558 749 1650 αὐτης
772 1560 863 1627 οὖσαν
887 1560 962 1647 ὁρῶν
994 1566 1059 1648 περὶ
1082 1561 1172 1651 ἄμρω
1196 1567 1232 1629 τὰ
1256 1568 1331 1649 μέρη

153 1666 269 1756 σφόδρα
291 1665 471 1733 ἐσπουδασε·
506 1672 558 1733 καί
581 1674 638 1755 γὰρ
661 1673 697 1734 τὰ
731 1672 841 1756 πάθη
876 1674 918 1734 τοί
952 1682 1021 1758 της
1055 1681 1183 1757 φωνῆς
1215 1674 1268 1733 καί
1297 1674 1333 1736 τὰ

152 1780 336 1862 σχήματα
366 1780 654 1864 τοῦσώματος,
686 1775 731 1851 οἷς
752 1782 895 1863 κράτιστοι
917 1776 988 1851 ἕξειν
1011 1778 1142 1864 ἔμελλεν,
1171 1773 1206 1841 οἰ)
1237 1789 1331 1864 μικρῷ

152 1887 231 1967 πόνῳ
265 1889 485 1968 κατειργάσατο.
531 1888 627 1948 καίτοι
661 1887 774 1971 μίσει
808 1888 882 1970 πρὸς
920 1894 1013 1950 ταῦτα
1047 1882 1080 1949 oi)
1115 1889 1190 1948 πάνυ
1218 1884 1333 1971 εότυχεῐ

152 1995 351 2077 χρησάμενος,
382 1987 423 2064 ὡς
453 1988 682 2079 Δημήτριος
712 1989 728 2055 ὁ
758 1990 966 2080 Φαληρεύς
1005 2015 1077 2081 ρησι
1108 1996 1161 2056 καί
1190 1988 1217 2056 οἱ
1247 1991 1333 2057 ἄλλοι

152 2101 256 2169 πάντες
279 2093 306 2160 οἱ
328 2102 377 2161 τὀν
400 2097 461 2181 βίον
484 2095 573 2189 αὐτοῦ
595 2099 823 2186 συγγράψαντες.

243 2205 339 2283 Quod
372 2206 425 2271 hic
457 2206 634 2292 Dionysius
666 2209 832 2273 actionem
863 2208 1017 2273 virtutem
1051 2209 1199 2293 appellat
1233 2211 1266 2274 ct
1296 2210 1328 2272 in

155 2333 332 2378 numerum
368 2316 634 2380 necessariarum
665 2316 769 2381 refert
800 2316 1081 2399 commendatque
1112 2316 1235 2381 eisdem
1259 2314 1328 2379 iere

152 2422 272 2501 verbis,
303 2423 425 2504 quihus
457 2442 560 2506 supra
592 2422 672 2487 alias
704 2423 847 2488 virtutes
872 2424 1082 2489 necessarias
1106 2420 1155 2509 (ἧς
1176 2423 1328 2506 παροίσης

152 2532 204 2613 μὲν
233 2530 285 2591 καὶ
315 2538 379 2599 ταῖς
402 2526 511 2601 ἄλλαις
533 2526 653 2612 ἀρεταῖς
676 2533 782 2611 γίνεται
811 2533 899 2615 χώρα
921 2530 1020 2613 κτλ),
1053 2549 1120 2594 non
1144 2529 1223 2595 satis
1242 2549 1329 2593 icon·

151 2636 268 2701 venire
293 2637 426 2702 videtur
456 2657 532 2701 cum
555 2638 611 2703 ilia
634 2639 792 2703 virtutum
829 2638 988 2703 divisione
1015 2675 1054 2684 ·-
1080 2639 1114 2703 ct
1137 2638 1188 2701 cst
1210 2656 1330 2721 parum

153 2743 310 2808 distincta
333 2745 448 2808 divisio
473 2781 524 2823 —‚
549 2745 665 2810 sedin
699 2733 830 2811 actione
856 2748 907 2811 cst
931 2748 962 2807 τὸ
986 2749 1095 2827 τρίπον
1119 2745 1152 2809 et
1182 2740 1329 2830 ἀληθινόν

151 2848 310 2929 (πιθανόν),
333 2854 443 2935 πρέπον
466 2858 581 2919 καίτοι
605 2856 656 2918 est
680 2851 791 2936 ἀρετων
813 2848 988 2935 κυριωτάτη.

240 2956 405 3037 Quantam
429 2960 493 3024 vim
518 2960 644 3025 habeut
669 2961 755 3025 actio
779 2960 939 3044 imprimis
957 2962 1107 3025 Cicero
1132 2958 1265 3023 disserit
1287 2958 1329 3021 de

151 3087 199 3131 or.
223 3066 268 3130 ΙΙΙ
292 3068 433 3142 numa:
460 3067 564 3145 ‚Actio
589 3068 787 3132 indicendo
812 3087 880 3132 uua
911 3067 1113 3132 dominatur.
1161 3066 1241 3131 Sine
1265 3065 1329 3128 λου

150 3170 309 3260 (ἀπούσης)
333 3194 483 3240 summus
508 3177 621 3239 orator
645 3196 719 3240 esse
744 3176 939 3239 innumero
965 3174 1057 3238 nulio
1081 3176 1201 3258 potest,
1226 3172 1330 3237 medi·

151 3282 235 3345 ocris
259 3282 323 3346 hoc
347 3283 530 3348 instructus
554 3285 729 3369 (παροίσης)
761 3303 910 3348 summos
934 3302 1036 3364 saepe
1061 3285 1232 3364 superare‘
1265 3281 1328 3345 etc.

151 3496 252 3562 tradit
276 3496 541 3563 Aristotcles
564 3499 649 3564 rhet.
673 3499 718 3563 ΙΙΙ
742 3518 769 3563 c.
798 3502 826 3565 l.

241 3605 495 3688 Bipariitionem
511 3643 551 3652 -
569 3607 659 3670 vocis
676 3607 818 3686 figuram
835 3606 909 3670 dico
926 3609 958 3670 et
972 3605 1117 3687 corporis
1135 3605 1260 3667 motum
1278 3639 1329 3679 -‚

150 3712 302 3777 Cicero
320 3732 453 3796 quoquc
470 3713 604 3778 exhibet
621 3732 667 3775 or.
687 3731 712 3776 c.
734 3712 772 3774 17
791 3711 809 3792 ἓ
827 3714 887 3776 δότ
913 3713 970 3776 usi
988 3713 1076 3776 enim
1093 3712 1210 3777 actio
1228 3709 1323 3793 quusi

152 3820 299 3903 corporis
325 3819 490 3903 quaedam
522 3819 725 3901 eloquentia,
761 3839 864 3901 quum
896 3821 1025 3883 constet
1049 3841 1067 3883 c
1092 3839 1193 3883 voce
1228 3818 1329 3899 atque

150 3928 265 3990 motu
290 3925 428 4010 (gestus,
463 3946 538 3990 cum
570 3946 636 4008 quo
669 3926 801 3990 iunctus
833 3929 884 3991 cst
907 3926 1049 4006 vultus);
1082 3927 1123 3989 ct.
1148 3925 1189 3989 de
1213 3945 1259 3988 or.
1286 3923 1330 3987 111

152 4031 318 4112 57‚216*).
366 4034 493 4097 Eadem
526 4032 566 4097 de
597 4033 879 4115 pronuntiationis
912 4033 943 4095 vi
976 4033 1009 4096 ct
1039 4031 1199 4095 divisione
1230 4031 1328 4093 tradit

152 4139 417 4204 Cornificius
442 4140 485 4203 m
511 4142 613 4222 inlu
638 4161 710 4223 sqq.
737 4140 905 4222 (dividitur
929 4137 1157 4222 pronuntiatio
1183 4139 1215 4201 iu
1239 4138 1331 4200 vocis

243 4280 269 4345 *ν
287 4296 320 4332 εκ
340 4279 470 4332 hocloco
489 4280 654 4350 tripartitam
673 4280 807 4335 actionem
829 4280 986 4334 Ciceronem
1006 4285 1126 4335 statuere
1147 4279 1236 4334 miuus
1257 4283 1332 4333 rcctc

151 4367 281 4421 conclusit
301 4367 429 4422 Gauscrct
447 4367 464 4420 l.
484 4383 506 4421 c.
526 4386 552 4439 p.
572 4368 636 4424 200.
